%YAML 1.1
%TAG !u! tag:unity3d.com,2011:
--- !u!29 &1
OcclusionCullingSettings:
  m_ObjectHideFlags: 0
  serializedVersion: 2
  m_OcclusionBakeSettings:
    smallestOccluder: 5
    smallestHole: 0.25
    backfaceThreshold: 100
  m_SceneGUID: 00000000000000000000000000000000
  m_OcclusionCullingData: {fileID: 0}
--- !u!104 &2
RenderSettings:
  m_ObjectHideFlags: 0
  serializedVersion: 9
  m_Fog: 0
  m_FogColor: {r: 0.5, g: 0.5, b: 0.5, a: 1}
  m_FogMode: 3
  m_FogDensity: 0.01
  m_LinearFogStart: 0
  m_LinearFogEnd: 300
  m_AmbientSkyColor: {r: 0.212, g: 0.227, b: 0.259, a: 1}
  m_AmbientEquatorColor: {r: 0.114, g: 0.125, b: 0.133, a: 1}
  m_AmbientGroundColor: {r: 0.047, g: 0.043, b: 0.035, a: 1}
  m_AmbientIntensity: 0.46
  m_AmbientMode: 0
  m_SubtractiveShadowColor: {r: 0.42, g: 0.478, b: 0.627, a: 1}
  m_SkyboxMaterial: {fileID: 2100000, guid: 22ed09f872d9de54587a81c86d0988a7, type: 2}
  m_HaloStrength: 0.5
  m_FlareStrength: 1
  m_FlareFadeSpeed: 3
  m_HaloTexture: {fileID: 0}
  m_SpotCookie: {fileID: 10001, guid: 0000000000000000e000000000000000, type: 0}
  m_DefaultReflectionMode: 0
  m_DefaultReflectionResolution: 2048
  m_ReflectionBounces: 1
  m_ReflectionIntensity: 1
  m_CustomReflection: {fileID: 8900000, guid: 431cb71dea088d04a8116b10b93e76ef, type: 3}
  m_Sun: {fileID: 0}
  m_IndirectSpecularColor: {r: 0.778857, g: 0.74949485, b: 0.5686323, a: 1}
  m_UseRadianceAmbientProbe: 0
--- !u!157 &3
LightmapSettings:
  m_ObjectHideFlags: 0
  serializedVersion: 11
  m_GIWorkflowMode: 0
  m_GISettings:
    serializedVersion: 2
    m_BounceScale: 1
    m_IndirectOutputScale: 1
    m_AlbedoBoost: 1
    m_TemporalCoherenceThreshold: 1
    m_EnvironmentLightingMode: 0
    m_EnableBakedLightmaps: 1
    m_EnableRealtimeLightmaps: 1
  m_LightmapEditorSettings:
    serializedVersion: 10
    m_Resolution: 2
    m_BakeResolution: 40
    m_AtlasSize: 1024
    m_AO: 0
    m_AOMaxDistance: 1
    m_CompAOExponent: 1
    m_CompAOExponentDirect: 0
    m_Padding: 2
    m_LightmapParameters: {fileID: 0}
    m_LightmapsBakeMode: 1
    m_TextureCompression: 1
    m_FinalGather: 0
    m_FinalGatherFiltering: 1
    m_FinalGatherRayCount: 256
    m_ReflectionCompression: 2
    m_MixedBakeMode: 2
    m_BakeBackend: 1
    m_PVRSampling: 1
    m_PVRDirectSampleCount: 32
    m_PVRSampleCount: 500
    m_PVRBounces: 2
    m_PVRFilterTypeDirect: 0
    m_PVRFilterTypeIndirect: 0
    m_PVRFilterTypeAO: 0
    m_PVRFilteringMode: 1
    m_PVRCulling: 1
    m_PVRFilteringGaussRadiusDirect: 1
    m_PVRFilteringGaussRadiusIndirect: 5
    m_PVRFilteringGaussRadiusAO: 2
    m_PVRFilteringAtrousPositionSigmaDirect: 0.5
    m_PVRFilteringAtrousPositionSigmaIndirect: 2
    m_PVRFilteringAtrousPositionSigmaAO: 1
    m_ShowResolutionOverlay: 1
  m_LightingDataAsset: {fileID: 0}
  m_UseShadowmask: 1
--- !u!196 &4
NavMeshSettings:
  serializedVersion: 2
  m_ObjectHideFlags: 0
  m_BuildSettings:
    serializedVersion: 2
    agentTypeID: 0
    agentRadius: 0.5
    agentHeight: 2
    agentSlope: 45
    agentClimb: 0.4
    ledgeDropHeight: 0
    maxJumpAcrossDistance: 0
    minRegionArea: 2
    manualCellSize: 0
    cellSize: 0.16666667
    manualTileSize: 0
    tileSize: 256
    accuratePlacement: 0
    debug:
      m_Flags: 0
  m_NavMeshData: {fileID: 0}
--- !u!1001 &20848542
Prefab:
  m_ObjectHideFlags: 0
  serializedVersion: 2
  m_Modification:
    m_TransformParent: {fileID: 1846095691}
    m_Modifications:
    - target: {fileID: 400000, guid: 4eb848599490e0044a012b38e0c5e09c, type: 3}
      propertyPath: m_LocalPosition.x
      value: 1.5249166
      objectReference: {fileID: 0}
    - target: {fileID: 400000, guid: 4eb848599490e0044a012b38e0c5e09c, type: 3}
      propertyPath: m_LocalPosition.y
      value: 0.004570465
      objectReference: {fileID: 0}
    - target: {fileID: 400000, guid: 4eb848599490e0044a012b38e0c5e09c, type: 3}
      propertyPath: m_LocalPosition.z
      value: -0.6444275
      objectReference: {fileID: 0}
    - target: {fileID: 400000, guid: 4eb848599490e0044a012b38e0c5e09c, type: 3}
      propertyPath: m_LocalRotation.x
      value: -0.7071068
      objectReference: {fileID: 0}
    - target: {fileID: 400000, guid: 4eb848599490e0044a012b38e0c5e09c, type: 3}
      propertyPath: m_LocalRotation.y
      value: 0
      objectReference: {fileID: 0}
    - target: {fileID: 400000, guid: 4eb848599490e0044a012b38e0c5e09c, type: 3}
      propertyPath: m_LocalRotation.z
      value: -0
      objectReference: {fileID: 0}
    - target: {fileID: 400000, guid: 4eb848599490e0044a012b38e0c5e09c, type: 3}
      propertyPath: m_LocalRotation.w
      value: 0.7071068
      objectReference: {fileID: 0}
    - target: {fileID: 400000, guid: 4eb848599490e0044a012b38e0c5e09c, type: 3}
      propertyPath: m_RootOrder
      value: 2
      objectReference: {fileID: 0}
    - target: {fileID: 2300000, guid: 4eb848599490e0044a012b38e0c5e09c, type: 3}
      propertyPath: m_Materials.Array.data[0]
      value: 
      objectReference: {fileID: 2100000, guid: 3713608fe75a3ad48b3fc65a63599313, type: 2}
    m_RemovedComponents: []
  m_ParentPrefab: {fileID: 100100000, guid: 4eb848599490e0044a012b38e0c5e09c, type: 3}
  m_IsPrefabParent: 0
--- !u!4 &20848543 stripped
Transform:
  m_PrefabParentObject: {fileID: 400000, guid: 4eb848599490e0044a012b38e0c5e09c, type: 3}
  m_PrefabInternal: {fileID: 20848542}
--- !u!1001 &94348989
Prefab:
  m_ObjectHideFlags: 0
  serializedVersion: 2
  m_Modification:
    m_TransformParent: {fileID: 1576196614}
    m_Modifications:
    - target: {fileID: 400794, guid: a0caed2329b1ff545b145d48d6ef85d7, type: 2}
      propertyPath: m_LocalPosition.x
      value: 10.605781
      objectReference: {fileID: 0}
    - target: {fileID: 400794, guid: a0caed2329b1ff545b145d48d6ef85d7, type: 2}
      propertyPath: m_LocalPosition.y
      value: -4.6950755
      objectReference: {fileID: 0}
    - target: {fileID: 400794, guid: a0caed2329b1ff545b145d48d6ef85d7, type: 2}
      propertyPath: m_LocalPosition.z
      value: -24.992123
      objectReference: {fileID: 0}
    - target: {fileID: 400794, guid: a0caed2329b1ff545b145d48d6ef85d7, type: 2}
      propertyPath: m_LocalRotation.x
      value: -0
      objectReference: {fileID: 0}
    - target: {fileID: 400794, guid: a0caed2329b1ff545b145d48d6ef85d7, type: 2}
      propertyPath: m_LocalRotation.y
      value: -0
      objectReference: {fileID: 0}
    - target: {fileID: 400794, guid: a0caed2329b1ff545b145d48d6ef85d7, type: 2}
      propertyPath: m_LocalRotation.z
      value: -0
      objectReference: {fileID: 0}
    - target: {fileID: 400794, guid: a0caed2329b1ff545b145d48d6ef85d7, type: 2}
      propertyPath: m_LocalRotation.w
      value: 1
      objectReference: {fileID: 0}
    - target: {fileID: 400794, guid: a0caed2329b1ff545b145d48d6ef85d7, type: 2}
      propertyPath: m_RootOrder
      value: 3
      objectReference: {fileID: 0}
    - target: {fileID: 400794, guid: a0caed2329b1ff545b145d48d6ef85d7, type: 2}
      propertyPath: m_LocalScale.x
      value: 1.1082842
      objectReference: {fileID: 0}
    - target: {fileID: 400794, guid: a0caed2329b1ff545b145d48d6ef85d7, type: 2}
      propertyPath: m_LocalScale.y
      value: 1.1082841
      objectReference: {fileID: 0}
    - target: {fileID: 400794, guid: a0caed2329b1ff545b145d48d6ef85d7, type: 2}
      propertyPath: m_LocalScale.z
      value: 1.1082841
      objectReference: {fileID: 0}
    m_RemovedComponents: []
  m_ParentPrefab: {fileID: 100100000, guid: a0caed2329b1ff545b145d48d6ef85d7, type: 2}
  m_IsPrefabParent: 0
--- !u!1001 &163736902
Prefab:
  m_ObjectHideFlags: 0
  serializedVersion: 2
  m_Modification:
    m_TransformParent: {fileID: 1576196614}
    m_Modifications:
    - target: {fileID: 400794, guid: a0caed2329b1ff545b145d48d6ef85d7, type: 2}
      propertyPath: m_LocalPosition.x
      value: 17.90498
      objectReference: {fileID: 0}
    - target: {fileID: 400794, guid: a0caed2329b1ff545b145d48d6ef85d7, type: 2}
      propertyPath: m_LocalPosition.y
      value: -3.9374762
      objectReference: {fileID: 0}
    - target: {fileID: 400794, guid: a0caed2329b1ff545b145d48d6ef85d7, type: 2}
      propertyPath: m_LocalPosition.z
      value: -144.84912
      objectReference: {fileID: 0}
    - target: {fileID: 400794, guid: a0caed2329b1ff545b145d48d6ef85d7, type: 2}
      propertyPath: m_LocalRotation.x
      value: -0
      objectReference: {fileID: 0}
    - target: {fileID: 400794, guid: a0caed2329b1ff545b145d48d6ef85d7, type: 2}
      propertyPath: m_LocalRotation.y
      value: 0.46757108
      objectReference: {fileID: 0}
    - target: {fileID: 400794, guid: a0caed2329b1ff545b145d48d6ef85d7, type: 2}
      propertyPath: m_LocalRotation.z
      value: -0
      objectReference: {fileID: 0}
    - target: {fileID: 400794, guid: a0caed2329b1ff545b145d48d6ef85d7, type: 2}
      propertyPath: m_LocalRotation.w
      value: 0.8839555
      objectReference: {fileID: 0}
    - target: {fileID: 400794, guid: a0caed2329b1ff545b145d48d6ef85d7, type: 2}
      propertyPath: m_RootOrder
      value: 2
      objectReference: {fileID: 0}
    - target: {fileID: 400794, guid: a0caed2329b1ff545b145d48d6ef85d7, type: 2}
      propertyPath: m_LocalScale.x
      value: 1.980401
      objectReference: {fileID: 0}
    - target: {fileID: 400794, guid: a0caed2329b1ff545b145d48d6ef85d7, type: 2}
      propertyPath: m_LocalScale.y
      value: 1.9804019
      objectReference: {fileID: 0}
    - target: {fileID: 400794, guid: a0caed2329b1ff545b145d48d6ef85d7, type: 2}
      propertyPath: m_LocalScale.z
      value: 1.980402
      objectReference: {fileID: 0}
    - target: {fileID: 130108, guid: a0caed2329b1ff545b145d48d6ef85d7, type: 2}
      propertyPath: m_Name
      value: mountain_Snow_000 (3)
      objectReference: {fileID: 0}
    - target: {fileID: 400794, guid: a0caed2329b1ff545b145d48d6ef85d7, type: 2}
      propertyPath: m_LocalEulerAnglesHint.y
      value: 55.753002
      objectReference: {fileID: 0}
    m_RemovedComponents: []
  m_ParentPrefab: {fileID: 100100000, guid: a0caed2329b1ff545b145d48d6ef85d7, type: 2}
  m_IsPrefabParent: 0
--- !u!4 &187393314 stripped
Transform:
  m_PrefabParentObject: {fileID: 400794, guid: a0caed2329b1ff545b145d48d6ef85d7, type: 2}
  m_PrefabInternal: {fileID: 163736902}
--- !u!1001 &219938454
Prefab:
  m_ObjectHideFlags: 0
  serializedVersion: 2
  m_Modification:
    m_TransformParent: {fileID: 1767578671}
    m_Modifications:
    - target: {fileID: 400000, guid: dbcffead73de590458344512a7207ecc, type: 3}
      propertyPath: m_LocalPosition.x
      value: -0.36116403
      objectReference: {fileID: 0}
    - target: {fileID: 400000, guid: dbcffead73de590458344512a7207ecc, type: 3}
      propertyPath: m_LocalPosition.y
      value: 3.1103613
      objectReference: {fileID: 0}
    - target: {fileID: 400000, guid: dbcffead73de590458344512a7207ecc, type: 3}
      propertyPath: m_LocalPosition.z
      value: -3.9780066
      objectReference: {fileID: 0}
    - target: {fileID: 400000, guid: dbcffead73de590458344512a7207ecc, type: 3}
      propertyPath: m_LocalRotation.x
      value: -0.7071068
      objectReference: {fileID: 0}
    - target: {fileID: 400000, guid: dbcffead73de590458344512a7207ecc, type: 3}
      propertyPath: m_LocalRotation.y
      value: 0
      objectReference: {fileID: 0}
    - target: {fileID: 400000, guid: dbcffead73de590458344512a7207ecc, type: 3}
      propertyPath: m_LocalRotation.z
      value: -0
      objectReference: {fileID: 0}
    - target: {fileID: 400000, guid: dbcffead73de590458344512a7207ecc, type: 3}
      propertyPath: m_LocalRotation.w
      value: 0.7071068
      objectReference: {fileID: 0}
    - target: {fileID: 400000, guid: dbcffead73de590458344512a7207ecc, type: 3}
      propertyPath: m_RootOrder
      value: 2
      objectReference: {fileID: 0}
    m_RemovedComponents: []
  m_ParentPrefab: {fileID: 100100000, guid: dbcffead73de590458344512a7207ecc, type: 3}
  m_IsPrefabParent: 0
--- !u!4 &219938455 stripped
Transform:
  m_PrefabParentObject: {fileID: 400000, guid: dbcffead73de590458344512a7207ecc, type: 3}
  m_PrefabInternal: {fileID: 219938454}
--- !u!1001 &240639654
Prefab:
  m_ObjectHideFlags: 0
  serializedVersion: 2
  m_Modification:
    m_TransformParent: {fileID: 1846095691}
    m_Modifications:
    - target: {fileID: 400000, guid: 8ca469b53cf7da94186f92cf7d1d1dcb, type: 3}
      propertyPath: m_LocalPosition.x
      value: 4.366983
      objectReference: {fileID: 0}
    - target: {fileID: 400000, guid: 8ca469b53cf7da94186f92cf7d1d1dcb, type: 3}
      propertyPath: m_LocalPosition.y
      value: 0
      objectReference: {fileID: 0}
    - target: {fileID: 400000, guid: 8ca469b53cf7da94186f92cf7d1d1dcb, type: 3}
      propertyPath: m_LocalPosition.z
      value: -3.7088864
      objectReference: {fileID: 0}
    - target: {fileID: 400000, guid: 8ca469b53cf7da94186f92cf7d1d1dcb, type: 3}
      propertyPath: m_LocalRotation.x
      value: -0.7071068
      objectReference: {fileID: 0}
    - target: {fileID: 400000, guid: 8ca469b53cf7da94186f92cf7d1d1dcb, type: 3}
      propertyPath: m_LocalRotation.y
      value: 0
      objectReference: {fileID: 0}
    - target: {fileID: 400000, guid: 8ca469b53cf7da94186f92cf7d1d1dcb, type: 3}
      propertyPath: m_LocalRotation.z
      value: -0
      objectReference: {fileID: 0}
    - target: {fileID: 400000, guid: 8ca469b53cf7da94186f92cf7d1d1dcb, type: 3}
      propertyPath: m_LocalRotation.w
      value: 0.7071068
      objectReference: {fileID: 0}
    - target: {fileID: 400000, guid: 8ca469b53cf7da94186f92cf7d1d1dcb, type: 3}
      propertyPath: m_RootOrder
      value: 12
      objectReference: {fileID: 0}
    - target: {fileID: 100000, guid: 8ca469b53cf7da94186f92cf7d1d1dcb, type: 3}
      propertyPath: m_IsActive
      value: 0
      objectReference: {fileID: 0}
    m_RemovedComponents: []
  m_ParentPrefab: {fileID: 100100000, guid: 8ca469b53cf7da94186f92cf7d1d1dcb, type: 3}
  m_IsPrefabParent: 0
--- !u!1001 &293647334
Prefab:
  m_ObjectHideFlags: 0
  serializedVersion: 2
  m_Modification:
    m_TransformParent: {fileID: 1846095691}
    m_Modifications:
    - target: {fileID: 400000, guid: 7feb7cdfe00dee74da96ebe56c7e8bcb, type: 3}
      propertyPath: m_LocalPosition.x
      value: 3.5414069
      objectReference: {fileID: 0}
    - target: {fileID: 400000, guid: 7feb7cdfe00dee74da96ebe56c7e8bcb, type: 3}
      propertyPath: m_LocalPosition.y
      value: 0.022297172
      objectReference: {fileID: 0}
    - target: {fileID: 400000, guid: 7feb7cdfe00dee74da96ebe56c7e8bcb, type: 3}
      propertyPath: m_LocalPosition.z
      value: 1.5248044
      objectReference: {fileID: 0}
    - target: {fileID: 400000, guid: 7feb7cdfe00dee74da96ebe56c7e8bcb, type: 3}
      propertyPath: m_LocalRotation.x
      value: -0.7071068
      objectReference: {fileID: 0}
    - target: {fileID: 400000, guid: 7feb7cdfe00dee74da96ebe56c7e8bcb, type: 3}
      propertyPath: m_LocalRotation.y
      value: 0
      objectReference: {fileID: 0}
    - target: {fileID: 400000, guid: 7feb7cdfe00dee74da96ebe56c7e8bcb, type: 3}
      propertyPath: m_LocalRotation.z
      value: -0
      objectReference: {fileID: 0}
    - target: {fileID: 400000, guid: 7feb7cdfe00dee74da96ebe56c7e8bcb, type: 3}
      propertyPath: m_LocalRotation.w
      value: 0.7071068
      objectReference: {fileID: 0}
    - target: {fileID: 400000, guid: 7feb7cdfe00dee74da96ebe56c7e8bcb, type: 3}
      propertyPath: m_RootOrder
      value: 0
      objectReference: {fileID: 0}
    - target: {fileID: 2300000, guid: 7feb7cdfe00dee74da96ebe56c7e8bcb, type: 3}
      propertyPath: m_Materials.Array.data[0]
      value: 
      objectReference: {fileID: 2100000, guid: a68b5524c9045b14eae2db882a9c0023, type: 2}
    m_RemovedComponents: []
  m_ParentPrefab: {fileID: 100100000, guid: 7feb7cdfe00dee74da96ebe56c7e8bcb, type: 3}
  m_IsPrefabParent: 0
--- !u!1001 &308610034
Prefab:
  m_ObjectHideFlags: 0
  serializedVersion: 2
  m_Modification:
    m_TransformParent: {fileID: 1846095691}
    m_Modifications:
    - target: {fileID: 400000, guid: b97d9196457ee924bacce261a9e9b587, type: 3}
      propertyPath: m_LocalPosition.x
      value: 0.578
      objectReference: {fileID: 0}
    - target: {fileID: 400000, guid: b97d9196457ee924bacce261a9e9b587, type: 3}
      propertyPath: m_LocalPosition.y
      value: -0.4419999
      objectReference: {fileID: 0}
    - target: {fileID: 400000, guid: b97d9196457ee924bacce261a9e9b587, type: 3}
      propertyPath: m_LocalPosition.z
      value: -0.339
      objectReference: {fileID: 0}
    - target: {fileID: 400000, guid: b97d9196457ee924bacce261a9e9b587, type: 3}
      propertyPath: m_LocalRotation.x
      value: -0
      objectReference: {fileID: 0}
    - target: {fileID: 400000, guid: b97d9196457ee924bacce261a9e9b587, type: 3}
      propertyPath: m_LocalRotation.y
      value: 0.8836893
      objectReference: {fileID: 0}
    - target: {fileID: 400000, guid: b97d9196457ee924bacce261a9e9b587, type: 3}
      propertyPath: m_LocalRotation.z
      value: -0
      objectReference: {fileID: 0}
    - target: {fileID: 400000, guid: b97d9196457ee924bacce261a9e9b587, type: 3}
      propertyPath: m_LocalRotation.w
      value: 0.46807408
      objectReference: {fileID: 0}
    - target: {fileID: 400000, guid: b97d9196457ee924bacce261a9e9b587, type: 3}
      propertyPath: m_RootOrder
      value: 15
      objectReference: {fileID: 0}
    - target: {fileID: 400000, guid: b97d9196457ee924bacce261a9e9b587, type: 3}
      propertyPath: m_LocalScale.x
      value: 20.476013
      objectReference: {fileID: 0}
    - target: {fileID: 400000, guid: b97d9196457ee924bacce261a9e9b587, type: 3}
      propertyPath: m_LocalScale.y
      value: 20.476011
      objectReference: {fileID: 0}
    - target: {fileID: 400000, guid: b97d9196457ee924bacce261a9e9b587, type: 3}
      propertyPath: m_LocalScale.z
      value: 20.476011
      objectReference: {fileID: 0}
    - target: {fileID: 400000, guid: b97d9196457ee924bacce261a9e9b587, type: 3}
      propertyPath: m_LocalEulerAnglesHint.y
      value: 124.18101
      objectReference: {fileID: 0}
    m_RemovedComponents: []
  m_ParentPrefab: {fileID: 100100000, guid: b97d9196457ee924bacce261a9e9b587, type: 3}
  m_IsPrefabParent: 0
--- !u!1001 &390068713
Prefab:
  m_ObjectHideFlags: 0
  serializedVersion: 2
  m_Modification:
    m_TransformParent: {fileID: 1846095691}
    m_Modifications:
    - target: {fileID: 400000, guid: 8d0c456a5224f604da141f9099bd2a6b, type: 3}
      propertyPath: m_LocalPosition.x
      value: 0.73388904
      objectReference: {fileID: 0}
    - target: {fileID: 400000, guid: 8d0c456a5224f604da141f9099bd2a6b, type: 3}
      propertyPath: m_LocalPosition.y
      value: 1.6310468
      objectReference: {fileID: 0}
    - target: {fileID: 400000, guid: 8d0c456a5224f604da141f9099bd2a6b, type: 3}
      propertyPath: m_LocalPosition.z
      value: 1.7321391
      objectReference: {fileID: 0}
    - target: {fileID: 400000, guid: 8d0c456a5224f604da141f9099bd2a6b, type: 3}
      propertyPath: m_LocalRotation.x
      value: -0.7071068
      objectReference: {fileID: 0}
    - target: {fileID: 400000, guid: 8d0c456a5224f604da141f9099bd2a6b, type: 3}
      propertyPath: m_LocalRotation.y
      value: 0.000000061817246
      objectReference: {fileID: 0}
    - target: {fileID: 400000, guid: 8d0c456a5224f604da141f9099bd2a6b, type: 3}
      propertyPath: m_LocalRotation.z
      value: 0.000000061817246
      objectReference: {fileID: 0}
    - target: {fileID: 400000, guid: 8d0c456a5224f604da141f9099bd2a6b, type: 3}
      propertyPath: m_LocalRotation.w
      value: 0.7071068
      objectReference: {fileID: 0}
    - target: {fileID: 400000, guid: 8d0c456a5224f604da141f9099bd2a6b, type: 3}
      propertyPath: m_RootOrder
      value: 4
      objectReference: {fileID: 0}
    - target: {fileID: 2300000, guid: 8d0c456a5224f604da141f9099bd2a6b, type: 3}
      propertyPath: m_Materials.Array.data[0]
      value: 
      objectReference: {fileID: 2100000, guid: 8fd63a8703eefcf4bbaaeec3458022c2, type: 2}
    m_RemovedComponents: []
  m_ParentPrefab: {fileID: 100100000, guid: 8d0c456a5224f604da141f9099bd2a6b, type: 3}
  m_IsPrefabParent: 0
--- !u!4 &390068714 stripped
Transform:
  m_PrefabParentObject: {fileID: 400000, guid: 8d0c456a5224f604da141f9099bd2a6b, type: 3}
  m_PrefabInternal: {fileID: 390068713}
--- !u!4 &396288482 stripped
Transform:
  m_PrefabParentObject: {fileID: 400794, guid: a0caed2329b1ff545b145d48d6ef85d7, type: 2}
  m_PrefabInternal: {fileID: 1791696391}
--- !u!1001 &427437514
Prefab:
  m_ObjectHideFlags: 0
  serializedVersion: 2
  m_Modification:
    m_TransformParent: {fileID: 1576196614}
    m_Modifications:
    - target: {fileID: 400794, guid: a0caed2329b1ff545b145d48d6ef85d7, type: 2}
      propertyPath: m_LocalPosition.x
      value: -2.3542194
      objectReference: {fileID: 0}
    - target: {fileID: 400794, guid: a0caed2329b1ff545b145d48d6ef85d7, type: 2}
      propertyPath: m_LocalPosition.y
      value: -4.6950755
      objectReference: {fileID: 0}
    - target: {fileID: 400794, guid: a0caed2329b1ff545b145d48d6ef85d7, type: 2}
      propertyPath: m_LocalPosition.z
      value: -79.28212
      objectReference: {fileID: 0}
    - target: {fileID: 400794, guid: a0caed2329b1ff545b145d48d6ef85d7, type: 2}
      propertyPath: m_LocalRotation.x
      value: -0
      objectReference: {fileID: 0}
    - target: {fileID: 400794, guid: a0caed2329b1ff545b145d48d6ef85d7, type: 2}
      propertyPath: m_LocalRotation.y
      value: -0
      objectReference: {fileID: 0}
    - target: {fileID: 400794, guid: a0caed2329b1ff545b145d48d6ef85d7, type: 2}
      propertyPath: m_LocalRotation.z
      value: -0
      objectReference: {fileID: 0}
    - target: {fileID: 400794, guid: a0caed2329b1ff545b145d48d6ef85d7, type: 2}
      propertyPath: m_LocalRotation.w
      value: 1
      objectReference: {fileID: 0}
    - target: {fileID: 400794, guid: a0caed2329b1ff545b145d48d6ef85d7, type: 2}
      propertyPath: m_RootOrder
      value: 1
      objectReference: {fileID: 0}
    - target: {fileID: 400794, guid: a0caed2329b1ff545b145d48d6ef85d7, type: 2}
      propertyPath: m_LocalScale.x
      value: 1.1082842
      objectReference: {fileID: 0}
    - target: {fileID: 400794, guid: a0caed2329b1ff545b145d48d6ef85d7, type: 2}
      propertyPath: m_LocalScale.y
      value: 1.1082841
      objectReference: {fileID: 0}
    - target: {fileID: 400794, guid: a0caed2329b1ff545b145d48d6ef85d7, type: 2}
      propertyPath: m_LocalScale.z
      value: 1.1082841
      objectReference: {fileID: 0}
    - target: {fileID: 130108, guid: a0caed2329b1ff545b145d48d6ef85d7, type: 2}
      propertyPath: m_Name
      value: mountain_Snow_000 (2)
      objectReference: {fileID: 0}
    m_RemovedComponents: []
  m_ParentPrefab: {fileID: 100100000, guid: a0caed2329b1ff545b145d48d6ef85d7, type: 2}
  m_IsPrefabParent: 0
--- !u!1 &429801370
GameObject:
  m_ObjectHideFlags: 0
  m_PrefabParentObject: {fileID: 0}
  m_PrefabInternal: {fileID: 0}
  serializedVersion: 5
  m_Component:
  - component: {fileID: 429801374}
  - component: {fileID: 429801373}
  - component: {fileID: 429801372}
  - component: {fileID: 429801371}
  m_Layer: 0
  m_Name: ROOF (1)
  m_TagString: Untagged
  m_Icon: {fileID: 0}
  m_NavMeshLayer: 0
  m_StaticEditorFlags: 0
  m_IsActive: 1
--- !u!64 &429801371
MeshCollider:
  m_ObjectHideFlags: 0
  m_PrefabParentObject: {fileID: 0}
  m_PrefabInternal: {fileID: 0}
  m_GameObject: {fileID: 429801370}
  m_Material: {fileID: 0}
  m_IsTrigger: 0
  m_Enabled: 1
  serializedVersion: 3
  m_Convex: 0
  m_CookingOptions: 14
  m_SkinWidth: 0.01
  m_Mesh: {fileID: 10209, guid: 0000000000000000e000000000000000, type: 0}
--- !u!23 &429801372
MeshRenderer:
  m_ObjectHideFlags: 0
  m_PrefabParentObject: {fileID: 0}
  m_PrefabInternal: {fileID: 0}
  m_GameObject: {fileID: 429801370}
  m_Enabled: 1
  m_CastShadows: 1
  m_ReceiveShadows: 1
  m_DynamicOccludee: 1
  m_MotionVectors: 1
  m_LightProbeUsage: 1
  m_ReflectionProbeUsage: 1
  m_RenderingLayerMask: 4294967295
  m_Materials:
  - {fileID: 2100000, guid: 1236e49e2d22edf4b8c272f346fe40c7, type: 3}
  m_StaticBatchInfo:
    firstSubMesh: 0
    subMeshCount: 0
  m_StaticBatchRoot: {fileID: 0}
  m_ProbeAnchor: {fileID: 0}
  m_LightProbeVolumeOverride: {fileID: 0}
  m_ScaleInLightmap: 1
  m_PreserveUVs: 0
  m_IgnoreNormalsForChartDetection: 0
  m_ImportantGI: 0
  m_StitchLightmapSeams: 0
  m_SelectedEditorRenderState: 3
  m_MinimumChartSize: 4
  m_AutoUVMaxDistance: 0.5
  m_AutoUVMaxAngle: 89
  m_LightmapParameters: {fileID: 0}
  m_SortingLayerID: 0
  m_SortingLayer: 0
  m_SortingOrder: 0
--- !u!33 &429801373
MeshFilter:
  m_ObjectHideFlags: 0
  m_PrefabParentObject: {fileID: 0}
  m_PrefabInternal: {fileID: 0}
  m_GameObject: {fileID: 429801370}
  m_Mesh: {fileID: 10209, guid: 0000000000000000e000000000000000, type: 0}
--- !u!4 &429801374
Transform:
  m_ObjectHideFlags: 0
  m_PrefabParentObject: {fileID: 0}
  m_PrefabInternal: {fileID: 0}
  m_GameObject: {fileID: 429801370}
  m_LocalRotation: {x: 0.0009010186, y: -0.010371669, z: -0.9961938, w: -0.08654239}
  m_LocalPosition: {x: 1.924, y: 2.812, z: 5.746}
  m_LocalScale: {x: 0.6, y: 0.6, z: 0.6}
  m_Children: []
  m_Father: {fileID: 0}
  m_RootOrder: 14
  m_LocalEulerAnglesHint: {x: -1.1930001, y: 0, z: -189.93}
--- !u!1 &557166391
GameObject:
  m_ObjectHideFlags: 0
  m_PrefabParentObject: {fileID: 0}
  m_PrefabInternal: {fileID: 0}
  serializedVersion: 5
  m_Component:
  - component: {fileID: 557166395}
  - component: {fileID: 557166394}
  - component: {fileID: 557166393}
  - component: {fileID: 557166392}
  m_Layer: 0
  m_Name: WALL (6)
  m_TagString: Untagged
  m_Icon: {fileID: 0}
  m_NavMeshLayer: 0
  m_StaticEditorFlags: 0
  m_IsActive: 1
--- !u!137 &557166392
SkinnedMeshRenderer:
  m_ObjectHideFlags: 0
  m_PrefabParentObject: {fileID: 0}
  m_PrefabInternal: {fileID: 0}
  m_GameObject: {fileID: 557166391}
  m_Enabled: 1
  m_CastShadows: 1
  m_ReceiveShadows: 1
  m_DynamicOccludee: 1
  m_MotionVectors: 1
  m_LightProbeUsage: 1
  m_ReflectionProbeUsage: 1
  m_RenderingLayerMask: 4294967295
  m_Materials:
  - {fileID: 2100000, guid: 1236e49e2d22edf4b8c272f346fe40c7, type: 3}
  m_StaticBatchInfo:
    firstSubMesh: 0
    subMeshCount: 0
  m_StaticBatchRoot: {fileID: 0}
  m_ProbeAnchor: {fileID: 0}
  m_LightProbeVolumeOverride: {fileID: 0}
  m_ScaleInLightmap: 1
  m_PreserveUVs: 0
  m_IgnoreNormalsForChartDetection: 0
  m_ImportantGI: 0
  m_StitchLightmapSeams: 0
  m_SelectedEditorRenderState: 3
  m_MinimumChartSize: 4
  m_AutoUVMaxDistance: 0.5
  m_AutoUVMaxAngle: 89
  m_LightmapParameters: {fileID: 0}
  m_SortingLayerID: 0
  m_SortingLayer: 0
  m_SortingOrder: 0
  serializedVersion: 2
  m_Quality: 0
  m_UpdateWhenOffscreen: 0
  m_SkinnedMotionVectors: 1
  m_Mesh: {fileID: 10209, guid: 0000000000000000e000000000000000, type: 0}
  m_Bones: []
  m_BlendShapeWeights: []
  m_RootBone: {fileID: 0}
  m_AABB:
    m_Center: {x: 0.00000023841858, y: 0, z: 0}
    m_Extent: {x: 5.000003, y: 0.0000017881398, z: 5}
  m_DirtyAABB: 0
--- !u!64 &557166393
MeshCollider:
  m_ObjectHideFlags: 0
  m_PrefabParentObject: {fileID: 0}
  m_PrefabInternal: {fileID: 0}
  m_GameObject: {fileID: 557166391}
  m_Material: {fileID: 0}
  m_IsTrigger: 0
  m_Enabled: 1
  serializedVersion: 3
  m_Convex: 0
  m_CookingOptions: 14
  m_SkinWidth: 0.01
  m_Mesh: {fileID: 10209, guid: 0000000000000000e000000000000000, type: 0}
--- !u!33 &557166394
MeshFilter:
  m_ObjectHideFlags: 0
  m_PrefabParentObject: {fileID: 0}
  m_PrefabInternal: {fileID: 0}
  m_GameObject: {fileID: 557166391}
  m_Mesh: {fileID: 10209, guid: 0000000000000000e000000000000000, type: 0}
--- !u!4 &557166395
Transform:
  m_ObjectHideFlags: 0
  m_PrefabParentObject: {fileID: 0}
  m_PrefabInternal: {fileID: 0}
  m_GameObject: {fileID: 557166391}
  m_LocalRotation: {x: -0.7071068, y: -0.70710677, z: 0, w: 0}
  m_LocalPosition: {x: -0.611, y: 1.26, z: 2.781}
  m_LocalScale: {x: 0.4, y: 0.4, z: 0.4}
  m_Children: []
  m_Father: {fileID: 0}
  m_RootOrder: 11
  m_LocalEulerAnglesHint: {x: 0, y: -180, z: 90.00001}
--- !u!1001 &562006277
Prefab:
  m_ObjectHideFlags: 0
  serializedVersion: 2
  m_Modification:
    m_TransformParent: {fileID: 1846095691}
    m_Modifications:
    - target: {fileID: 400000, guid: 99a23e274df4a1440ac08e03b7c307bc, type: 3}
      propertyPath: m_LocalPosition.x
      value: 3.6615634
      objectReference: {fileID: 0}
    - target: {fileID: 400000, guid: 99a23e274df4a1440ac08e03b7c307bc, type: 3}
      propertyPath: m_LocalPosition.y
      value: 0.233
      objectReference: {fileID: 0}
    - target: {fileID: 400000, guid: 99a23e274df4a1440ac08e03b7c307bc, type: 3}
      propertyPath: m_LocalPosition.z
      value: -3.132
      objectReference: {fileID: 0}
    - target: {fileID: 400000, guid: 99a23e274df4a1440ac08e03b7c307bc, type: 3}
      propertyPath: m_LocalRotation.x
      value: -0.7071068
      objectReference: {fileID: 0}
    - target: {fileID: 400000, guid: 99a23e274df4a1440ac08e03b7c307bc, type: 3}
      propertyPath: m_LocalRotation.y
      value: 0
      objectReference: {fileID: 0}
    - target: {fileID: 400000, guid: 99a23e274df4a1440ac08e03b7c307bc, type: 3}
      propertyPath: m_LocalRotation.z
      value: -0
      objectReference: {fileID: 0}
    - target: {fileID: 400000, guid: 99a23e274df4a1440ac08e03b7c307bc, type: 3}
      propertyPath: m_LocalRotation.w
      value: 0.7071068
      objectReference: {fileID: 0}
    - target: {fileID: 400000, guid: 99a23e274df4a1440ac08e03b7c307bc, type: 3}
      propertyPath: m_RootOrder
      value: 1
      objectReference: {fileID: 0}
    - target: {fileID: 2300000, guid: 99a23e274df4a1440ac08e03b7c307bc, type: 3}
      propertyPath: m_Materials.Array.data[0]
      value: 
      objectReference: {fileID: 2100000, guid: b78582a5c41c2b24fa01c01801416d48, type: 2}
    m_RemovedComponents: []
  m_ParentPrefab: {fileID: 100100000, guid: 99a23e274df4a1440ac08e03b7c307bc, type: 3}
  m_IsPrefabParent: 0
--- !u!4 &562006278 stripped
Transform:
  m_PrefabParentObject: {fileID: 400000, guid: 99a23e274df4a1440ac08e03b7c307bc, type: 3}
  m_PrefabInternal: {fileID: 562006277}
--- !u!1 &646883828
GameObject:
  m_ObjectHideFlags: 0
  m_PrefabParentObject: {fileID: 0}
  m_PrefabInternal: {fileID: 0}
  serializedVersion: 5
  m_Component:
  - component: {fileID: 646883830}
  - component: {fileID: 646883829}
  m_Layer: 0
  m_Name: LAMP
  m_TagString: Untagged
  m_Icon: {fileID: 0}
  m_NavMeshLayer: 0
  m_StaticEditorFlags: 0
  m_IsActive: 1
--- !u!108 &646883829
Light:
  m_ObjectHideFlags: 0
  m_PrefabParentObject: {fileID: 0}
  m_PrefabInternal: {fileID: 0}
  m_GameObject: {fileID: 646883828}
  m_Enabled: 1
  serializedVersion: 8
  m_Type: 2
  m_Color: {r: 0.8160377, g: 0.9796432, b: 1, a: 1}
  m_Intensity: 1.3
  m_Range: 10
  m_SpotAngle: 30
  m_CookieSize: 10
  m_Shadows:
    m_Type: 2
    m_Resolution: 2
    m_CustomResolution: -1
    m_Strength: 0.254
    m_Bias: 0.05
    m_NormalBias: 0.4
    m_NearPlane: 0.2
  m_Cookie: {fileID: 0}
  m_DrawHalo: 0
  m_Flare: {fileID: 0}
  m_RenderMode: 1
  m_CullingMask:
    serializedVersion: 2
    m_Bits: 4294967295
  m_Lightmapping: 4
  m_AreaSize: {x: 1, y: 1}
  m_BounceIntensity: 2
  m_ColorTemperature: 6570
  m_UseColorTemperature: 0
  m_ShadowRadius: 0
  m_ShadowAngle: 0
--- !u!4 &646883830
Transform:
  m_ObjectHideFlags: 0
  m_PrefabParentObject: {fileID: 0}
  m_PrefabInternal: {fileID: 0}
  m_GameObject: {fileID: 646883828}
  m_LocalRotation: {x: 0, y: 0, z: 0, w: 1}
  m_LocalPosition: {x: 3.27, y: 1.557, z: 2.008}
  m_LocalScale: {x: 1, y: 1, z: 1}
  m_Children: []
  m_Father: {fileID: 0}
  m_RootOrder: 3
  m_LocalEulerAnglesHint: {x: 0, y: 0, z: 0}
--- !u!1001 &654486433
Prefab:
  m_ObjectHideFlags: 0
  serializedVersion: 2
  m_Modification:
    m_TransformParent: {fileID: 1767578671}
    m_Modifications:
    - target: {fileID: 400000, guid: be51cd2fece40f542b81ecb1997d9c5c, type: 3}
      propertyPath: m_LocalPosition.x
      value: 3.792119
      objectReference: {fileID: 0}
    - target: {fileID: 400000, guid: be51cd2fece40f542b81ecb1997d9c5c, type: 3}
      propertyPath: m_LocalPosition.y
      value: 0
      objectReference: {fileID: 0}
    - target: {fileID: 400000, guid: be51cd2fece40f542b81ecb1997d9c5c, type: 3}
      propertyPath: m_LocalPosition.z
      value: -2.6634243
      objectReference: {fileID: 0}
    - target: {fileID: 400000, guid: be51cd2fece40f542b81ecb1997d9c5c, type: 3}
      propertyPath: m_LocalRotation.x
      value: -0.7071068
      objectReference: {fileID: 0}
    - target: {fileID: 400000, guid: be51cd2fece40f542b81ecb1997d9c5c, type: 3}
      propertyPath: m_LocalRotation.y
      value: 0
      objectReference: {fileID: 0}
    - target: {fileID: 400000, guid: be51cd2fece40f542b81ecb1997d9c5c, type: 3}
      propertyPath: m_LocalRotation.z
      value: -0
      objectReference: {fileID: 0}
    - target: {fileID: 400000, guid: be51cd2fece40f542b81ecb1997d9c5c, type: 3}
      propertyPath: m_LocalRotation.w
      value: 0.7071068
      objectReference: {fileID: 0}
    - target: {fileID: 400000, guid: be51cd2fece40f542b81ecb1997d9c5c, type: 3}
      propertyPath: m_RootOrder
      value: 4
      objectReference: {fileID: 0}
    - target: {fileID: 100000, guid: be51cd2fece40f542b81ecb1997d9c5c, type: 3}
      propertyPath: m_IsActive
      value: 0
      objectReference: {fileID: 0}
    - target: {fileID: 2300000, guid: be51cd2fece40f542b81ecb1997d9c5c, type: 3}
      propertyPath: m_Materials.Array.data[0]
      value: 
      objectReference: {fileID: 2100000, guid: 4237b98fa8221be479fc763291fdd504, type: 2}
    m_RemovedComponents: []
  m_ParentPrefab: {fileID: 100100000, guid: be51cd2fece40f542b81ecb1997d9c5c, type: 3}
  m_IsPrefabParent: 0
--- !u!4 &654486434 stripped
Transform:
  m_PrefabParentObject: {fileID: 400000, guid: be51cd2fece40f542b81ecb1997d9c5c, type: 3}
  m_PrefabInternal: {fileID: 654486433}
--- !u!1 &668576681
GameObject:
  m_ObjectHideFlags: 0
  m_PrefabParentObject: {fileID: 0}
  m_PrefabInternal: {fileID: 0}
  serializedVersion: 5
  m_Component:
  - component: {fileID: 668576682}
  m_Layer: 0
  m_Name: LAMPS
  m_TagString: Untagged
  m_Icon: {fileID: 0}
  m_NavMeshLayer: 0
  m_StaticEditorFlags: 0
  m_IsActive: 1
--- !u!4 &668576682
Transform:
  m_ObjectHideFlags: 0
  m_PrefabParentObject: {fileID: 0}
  m_PrefabInternal: {fileID: 0}
  m_GameObject: {fileID: 668576681}
  m_LocalRotation: {x: 0, y: 0, z: 0, w: 1}
  m_LocalPosition: {x: 2.3950195, y: 1.0374756, z: -1.6508789}
  m_LocalScale: {x: 1, y: 1, z: 1}
  m_Children: []
  m_Father: {fileID: 0}
  m_RootOrder: 6
  m_LocalEulerAnglesHint: {x: 0, y: 0, z: 0}
--- !u!1001 &806114635
Prefab:
  m_ObjectHideFlags: 0
  serializedVersion: 2
  m_Modification:
    m_TransformParent: {fileID: 1846095691}
    m_Modifications:
    - target: {fileID: 400000, guid: e4c6fdccb2704e14c918723fc784faa1, type: 3}
      propertyPath: m_LocalPosition.x
      value: 0.23554796
      objectReference: {fileID: 0}
    - target: {fileID: 400000, guid: e4c6fdccb2704e14c918723fc784faa1, type: 3}
      propertyPath: m_LocalPosition.y
      value: 0
      objectReference: {fileID: 0}
    - target: {fileID: 400000, guid: e4c6fdccb2704e14c918723fc784faa1, type: 3}
      propertyPath: m_LocalPosition.z
      value: -2.704043
      objectReference: {fileID: 0}
    - target: {fileID: 400000, guid: e4c6fdccb2704e14c918723fc784faa1, type: 3}
      propertyPath: m_LocalRotation.x
      value: -0.7071068
      objectReference: {fileID: 0}
    - target: {fileID: 400000, guid: e4c6fdccb2704e14c918723fc784faa1, type: 3}
      propertyPath: m_LocalRotation.y
      value: 0
      objectReference: {fileID: 0}
    - target: {fileID: 400000, guid: e4c6fdccb2704e14c918723fc784faa1, type: 3}
      propertyPath: m_LocalRotation.z
      value: -0
      objectReference: {fileID: 0}
    - target: {fileID: 400000, guid: e4c6fdccb2704e14c918723fc784faa1, type: 3}
      propertyPath: m_LocalRotation.w
      value: 0.7071068
      objectReference: {fileID: 0}
    - target: {fileID: 400000, guid: e4c6fdccb2704e14c918723fc784faa1, type: 3}
      propertyPath: m_RootOrder
      value: 7
      objectReference: {fileID: 0}
    m_RemovedComponents: []
  m_ParentPrefab: {fileID: 100100000, guid: e4c6fdccb2704e14c918723fc784faa1, type: 3}
  m_IsPrefabParent: 0
--- !u!4 &806114636 stripped
Transform:
  m_PrefabParentObject: {fileID: 400000, guid: e4c6fdccb2704e14c918723fc784faa1, type: 3}
  m_PrefabInternal: {fileID: 806114635}
--- !u!1001 &819833130
Prefab:
  m_ObjectHideFlags: 0
  serializedVersion: 2
  m_Modification:
    m_TransformParent: {fileID: 1846095691}
    m_Modifications:
    - target: {fileID: 400000, guid: e4c6fdccb2704e14c918723fc784faa1, type: 3}
      propertyPath: m_LocalPosition.x
      value: 3.389
      objectReference: {fileID: 0}
    - target: {fileID: 400000, guid: e4c6fdccb2704e14c918723fc784faa1, type: 3}
      propertyPath: m_LocalPosition.y
      value: -0.017
      objectReference: {fileID: 0}
    - target: {fileID: 400000, guid: e4c6fdccb2704e14c918723fc784faa1, type: 3}
      propertyPath: m_LocalPosition.z
      value: -0.87
      objectReference: {fileID: 0}
    - target: {fileID: 400000, guid: e4c6fdccb2704e14c918723fc784faa1, type: 3}
      propertyPath: m_LocalRotation.x
      value: -0.7071068
      objectReference: {fileID: 0}
    - target: {fileID: 400000, guid: e4c6fdccb2704e14c918723fc784faa1, type: 3}
      propertyPath: m_LocalRotation.y
      value: -0
      objectReference: {fileID: 0}
    - target: {fileID: 400000, guid: e4c6fdccb2704e14c918723fc784faa1, type: 3}
      propertyPath: m_LocalRotation.z
      value: -0
      objectReference: {fileID: 0}
    - target: {fileID: 400000, guid: e4c6fdccb2704e14c918723fc784faa1, type: 3}
      propertyPath: m_LocalRotation.w
      value: 0.7071068
      objectReference: {fileID: 0}
    - target: {fileID: 400000, guid: e4c6fdccb2704e14c918723fc784faa1, type: 3}
      propertyPath: m_RootOrder
      value: 10
      objectReference: {fileID: 0}
    - target: {fileID: 400000, guid: e4c6fdccb2704e14c918723fc784faa1, type: 3}
      propertyPath: m_LocalScale.y
      value: 0.81000006
      objectReference: {fileID: 0}
    - target: {fileID: 400000, guid: e4c6fdccb2704e14c918723fc784faa1, type: 3}
      propertyPath: m_LocalScale.z
      value: 0.81000006
      objectReference: {fileID: 0}
    - target: {fileID: 100000, guid: e4c6fdccb2704e14c918723fc784faa1, type: 3}
      propertyPath: m_Name
      value: TRONC_1 (1)
      objectReference: {fileID: 0}
    - target: {fileID: 400000, guid: e4c6fdccb2704e14c918723fc784faa1, type: 3}
      propertyPath: m_LocalScale.x
      value: 0.8099999
      objectReference: {fileID: 0}
    m_RemovedComponents: []
  m_ParentPrefab: {fileID: 100100000, guid: e4c6fdccb2704e14c918723fc784faa1, type: 3}
  m_IsPrefabParent: 0
--- !u!4 &819833131 stripped
Transform:
  m_PrefabParentObject: {fileID: 400000, guid: e4c6fdccb2704e14c918723fc784faa1, type: 3}
  m_PrefabInternal: {fileID: 819833130}
--- !u!4 &847585601 stripped
Transform:
  m_PrefabParentObject: {fileID: 400000, guid: 8ca469b53cf7da94186f92cf7d1d1dcb, type: 3}
  m_PrefabInternal: {fileID: 240639654}
--- !u!4 &896539084 stripped
Transform:
  m_PrefabParentObject: {fileID: 400794, guid: a0caed2329b1ff545b145d48d6ef85d7, type: 2}
  m_PrefabInternal: {fileID: 427437514}
--- !u!4 &951161495 stripped
Transform:
  m_PrefabParentObject: {fileID: 400000, guid: 7feb7cdfe00dee74da96ebe56c7e8bcb, type: 3}
  m_PrefabInternal: {fileID: 293647334}
--- !u!4 &952338538 stripped
Transform:
  m_PrefabParentObject: {fileID: 400000, guid: fa04ef3d226f6a34586096ad1d09cf66, type: 3}
  m_PrefabInternal: {fileID: 1189703151}
--- !u!1 &1027059405
GameObject:
  m_ObjectHideFlags: 0
  m_PrefabParentObject: {fileID: 0}
  m_PrefabInternal: {fileID: 0}
  serializedVersion: 5
  m_Component:
  - component: {fileID: 1027059409}
  - component: {fileID: 1027059408}
  - component: {fileID: 1027059407}
  - component: {fileID: 1027059406}
  m_Layer: 0
  m_Name: ROOF
  m_TagString: Untagged
  m_Icon: {fileID: 0}
  m_NavMeshLayer: 0
  m_StaticEditorFlags: 0
  m_IsActive: 1
--- !u!64 &1027059406
MeshCollider:
  m_ObjectHideFlags: 0
  m_PrefabParentObject: {fileID: 0}
  m_PrefabInternal: {fileID: 0}
  m_GameObject: {fileID: 1027059405}
  m_Material: {fileID: 0}
  m_IsTrigger: 0
  m_Enabled: 1
  serializedVersion: 3
  m_Convex: 0
  m_CookingOptions: 14
  m_SkinWidth: 0.01
  m_Mesh: {fileID: 10209, guid: 0000000000000000e000000000000000, type: 0}
--- !u!23 &1027059407
MeshRenderer:
  m_ObjectHideFlags: 0
  m_PrefabParentObject: {fileID: 0}
  m_PrefabInternal: {fileID: 0}
  m_GameObject: {fileID: 1027059405}
  m_Enabled: 1
  m_CastShadows: 1
  m_ReceiveShadows: 1
  m_DynamicOccludee: 1
  m_MotionVectors: 1
  m_LightProbeUsage: 1
  m_ReflectionProbeUsage: 1
  m_RenderingLayerMask: 4294967295
  m_Materials:
  - {fileID: 2100000, guid: 1236e49e2d22edf4b8c272f346fe40c7, type: 3}
  m_StaticBatchInfo:
    firstSubMesh: 0
    subMeshCount: 0
  m_StaticBatchRoot: {fileID: 0}
  m_ProbeAnchor: {fileID: 0}
  m_LightProbeVolumeOverride: {fileID: 0}
  m_ScaleInLightmap: 1
  m_PreserveUVs: 0
  m_IgnoreNormalsForChartDetection: 0
  m_ImportantGI: 0
  m_StitchLightmapSeams: 0
  m_SelectedEditorRenderState: 3
  m_MinimumChartSize: 4
  m_AutoUVMaxDistance: 0.5
  m_AutoUVMaxAngle: 89
  m_LightmapParameters: {fileID: 0}
  m_SortingLayerID: 0
  m_SortingLayer: 0
  m_SortingOrder: 0
--- !u!33 &1027059408
MeshFilter:
  m_ObjectHideFlags: 0
  m_PrefabParentObject: {fileID: 0}
  m_PrefabInternal: {fileID: 0}
  m_GameObject: {fileID: 1027059405}
  m_Mesh: {fileID: 10209, guid: 0000000000000000e000000000000000, type: 0}
--- !u!4 &1027059409
Transform:
  m_ObjectHideFlags: 0
  m_PrefabParentObject: {fileID: 0}
  m_PrefabInternal: {fileID: 0}
  m_GameObject: {fileID: 1027059405}
  m_LocalRotation: {x: 0.0009010186, y: -0.010371669, z: -0.9961938, w: -0.08654239}
  m_LocalPosition: {x: 1.924, y: 2.689, z: -0.17999983}
  m_LocalScale: {x: 0.6, y: 0.6, z: 0.6}
  m_Children: []
  m_Father: {fileID: 0}
  m_RootOrder: 13
  m_LocalEulerAnglesHint: {x: -1.1930001, y: 0, z: -189.93}
--- !u!1001 &1162559560
Prefab:
  m_ObjectHideFlags: 0
  serializedVersion: 2
  m_Modification:
    m_TransformParent: {fileID: 1846095691}
    m_Modifications:
    - target: {fileID: 400000, guid: 41bd689c8b62eef4985f5b00932d86ac, type: 3}
      propertyPath: m_LocalPosition.x
      value: -0.293
      objectReference: {fileID: 0}
    - target: {fileID: 400000, guid: 41bd689c8b62eef4985f5b00932d86ac, type: 3}
      propertyPath: m_LocalPosition.y
      value: 1.116
      objectReference: {fileID: 0}
    - target: {fileID: 400000, guid: 41bd689c8b62eef4985f5b00932d86ac, type: 3}
      propertyPath: m_LocalPosition.z
      value: -3.586
      objectReference: {fileID: 0}
    - target: {fileID: 400000, guid: 41bd689c8b62eef4985f5b00932d86ac, type: 3}
      propertyPath: m_LocalRotation.x
      value: -0.7071068
      objectReference: {fileID: 0}
    - target: {fileID: 400000, guid: 41bd689c8b62eef4985f5b00932d86ac, type: 3}
      propertyPath: m_LocalRotation.y
      value: 0
      objectReference: {fileID: 0}
    - target: {fileID: 400000, guid: 41bd689c8b62eef4985f5b00932d86ac, type: 3}
      propertyPath: m_LocalRotation.z
      value: -0
      objectReference: {fileID: 0}
    - target: {fileID: 400000, guid: 41bd689c8b62eef4985f5b00932d86ac, type: 3}
      propertyPath: m_LocalRotation.w
      value: 0.7071068
      objectReference: {fileID: 0}
    - target: {fileID: 400000, guid: 41bd689c8b62eef4985f5b00932d86ac, type: 3}
      propertyPath: m_RootOrder
      value: 3
      objectReference: {fileID: 0}
    m_RemovedComponents: []
  m_ParentPrefab: {fileID: 100100000, guid: 41bd689c8b62eef4985f5b00932d86ac, type: 3}
  m_IsPrefabParent: 0
--- !u!4 &1162559561 stripped
Transform:
  m_PrefabParentObject: {fileID: 400000, guid: 41bd689c8b62eef4985f5b00932d86ac, type: 3}
  m_PrefabInternal: {fileID: 1162559560}
--- !u!1001 &1189703151
Prefab:
  m_ObjectHideFlags: 0
  serializedVersion: 2
  m_Modification:
    m_TransformParent: {fileID: 1846095691}
    m_Modifications:
    - target: {fileID: 400000, guid: fa04ef3d226f6a34586096ad1d09cf66, type: 3}
      propertyPath: m_LocalPosition.x
      value: 1.4677521
      objectReference: {fileID: 0}
    - target: {fileID: 400000, guid: fa04ef3d226f6a34586096ad1d09cf66, type: 3}
      propertyPath: m_LocalPosition.y
      value: 2.735485
      objectReference: {fileID: 0}
    - target: {fileID: 400000, guid: fa04ef3d226f6a34586096ad1d09cf66, type: 3}
      propertyPath: m_LocalPosition.z
      value: -0.607363
      objectReference: {fileID: 0}
    - target: {fileID: 400000, guid: fa04ef3d226f6a34586096ad1d09cf66, type: 3}
      propertyPath: m_LocalRotation.x
      value: -0.7071068
      objectReference: {fileID: 0}
    - target: {fileID: 400000, guid: fa04ef3d226f6a34586096ad1d09cf66, type: 3}
      propertyPath: m_LocalRotation.y
      value: 0
      objectReference: {fileID: 0}
    - target: {fileID: 400000, guid: fa04ef3d226f6a34586096ad1d09cf66, type: 3}
      propertyPath: m_LocalRotation.z
      value: -0
      objectReference: {fileID: 0}
    - target: {fileID: 400000, guid: fa04ef3d226f6a34586096ad1d09cf66, type: 3}
      propertyPath: m_LocalRotation.w
      value: 0.7071068
      objectReference: {fileID: 0}
    - target: {fileID: 400000, guid: fa04ef3d226f6a34586096ad1d09cf66, type: 3}
      propertyPath: m_RootOrder
      value: 14
      objectReference: {fileID: 0}
    m_RemovedComponents: []
  m_ParentPrefab: {fileID: 100100000, guid: fa04ef3d226f6a34586096ad1d09cf66, type: 3}
  m_IsPrefabParent: 0
--- !u!1 &1228879460
GameObject:
  m_ObjectHideFlags: 0
  m_PrefabParentObject: {fileID: 0}
  m_PrefabInternal: {fileID: 0}
  serializedVersion: 5
  m_Component:
  - component: {fileID: 1228879464}
  - component: {fileID: 1228879463}
  - component: {fileID: 1228879462}
  - component: {fileID: 1228879461}
  m_Layer: 0
  m_Name: WALL (5)
  m_TagString: Untagged
  m_Icon: {fileID: 0}
  m_NavMeshLayer: 0
  m_StaticEditorFlags: 0
  m_IsActive: 1
--- !u!137 &1228879461
SkinnedMeshRenderer:
  m_ObjectHideFlags: 0
  m_PrefabParentObject: {fileID: 0}
  m_PrefabInternal: {fileID: 0}
  m_GameObject: {fileID: 1228879460}
  m_Enabled: 1
  m_CastShadows: 1
  m_ReceiveShadows: 1
  m_DynamicOccludee: 1
  m_MotionVectors: 1
  m_LightProbeUsage: 1
  m_ReflectionProbeUsage: 1
  m_RenderingLayerMask: 4294967295
  m_Materials:
  - {fileID: 2100000, guid: 1236e49e2d22edf4b8c272f346fe40c7, type: 3}
  m_StaticBatchInfo:
    firstSubMesh: 0
    subMeshCount: 0
  m_StaticBatchRoot: {fileID: 0}
  m_ProbeAnchor: {fileID: 0}
  m_LightProbeVolumeOverride: {fileID: 0}
  m_ScaleInLightmap: 1
  m_PreserveUVs: 0
  m_IgnoreNormalsForChartDetection: 0
  m_ImportantGI: 0
  m_StitchLightmapSeams: 0
  m_SelectedEditorRenderState: 3
  m_MinimumChartSize: 4
  m_AutoUVMaxDistance: 0.5
  m_AutoUVMaxAngle: 89
  m_LightmapParameters: {fileID: 0}
  m_SortingLayerID: 0
  m_SortingLayer: 0
  m_SortingOrder: 0
  serializedVersion: 2
  m_Quality: 0
  m_UpdateWhenOffscreen: 0
  m_SkinnedMotionVectors: 1
  m_Mesh: {fileID: 10209, guid: 0000000000000000e000000000000000, type: 0}
  m_Bones: []
  m_BlendShapeWeights: []
  m_RootBone: {fileID: 0}
  m_AABB:
    m_Center: {x: 0.00000023841858, y: 0, z: 0}
    m_Extent: {x: 5.000003, y: 0.0000017881398, z: 5}
  m_DirtyAABB: 0
--- !u!64 &1228879462
MeshCollider:
  m_ObjectHideFlags: 0
  m_PrefabParentObject: {fileID: 0}
  m_PrefabInternal: {fileID: 0}
  m_GameObject: {fileID: 1228879460}
  m_Material: {fileID: 0}
  m_IsTrigger: 0
  m_Enabled: 1
  serializedVersion: 3
  m_Convex: 0
  m_CookingOptions: 14
  m_SkinWidth: 0.01
  m_Mesh: {fileID: 10209, guid: 0000000000000000e000000000000000, type: 0}
--- !u!33 &1228879463
MeshFilter:
  m_ObjectHideFlags: 0
  m_PrefabParentObject: {fileID: 0}
  m_PrefabInternal: {fileID: 0}
  m_GameObject: {fileID: 1228879460}
  m_Mesh: {fileID: 10209, guid: 0000000000000000e000000000000000, type: 0}
--- !u!4 &1228879464
Transform:
  m_ObjectHideFlags: 0
  m_PrefabParentObject: {fileID: 0}
  m_PrefabInternal: {fileID: 0}
  m_GameObject: {fileID: 1228879460}
  m_LocalRotation: {x: -0.50000006, y: -0.5, z: 0.50000006, w: 0.5}
  m_LocalPosition: {x: -2.153, y: 1.261, z: 4.722}
  m_LocalScale: {x: 0.4, y: 0.4, z: 0.4}
  m_Children: []
  m_Father: {fileID: 0}
  m_RootOrder: 10
  m_LocalEulerAnglesHint: {x: 0, y: -90, z: 90.00001}
--- !u!1 &1233037384
GameObject:
  m_ObjectHideFlags: 0
  m_PrefabParentObject: {fileID: 0}
  m_PrefabInternal: {fileID: 0}
  serializedVersion: 5
  m_Component:
  - component: {fileID: 1233037388}
  - component: {fileID: 1233037387}
  - component: {fileID: 1233037386}
  - component: {fileID: 1233037385}
  m_Layer: 0
  m_Name: WALL (4)
  m_TagString: Untagged
  m_Icon: {fileID: 0}
  m_NavMeshLayer: 0
  m_StaticEditorFlags: 0
  m_IsActive: 1
--- !u!137 &1233037385
SkinnedMeshRenderer:
  m_ObjectHideFlags: 0
  m_PrefabParentObject: {fileID: 0}
  m_PrefabInternal: {fileID: 0}
  m_GameObject: {fileID: 1233037384}
  m_Enabled: 1
  m_CastShadows: 1
  m_ReceiveShadows: 1
  m_DynamicOccludee: 1
  m_MotionVectors: 1
  m_LightProbeUsage: 1
  m_ReflectionProbeUsage: 1
  m_RenderingLayerMask: 4294967295
  m_Materials:
  - {fileID: 2100000, guid: 1236e49e2d22edf4b8c272f346fe40c7, type: 3}
  m_StaticBatchInfo:
    firstSubMesh: 0
    subMeshCount: 0
  m_StaticBatchRoot: {fileID: 0}
  m_ProbeAnchor: {fileID: 0}
  m_LightProbeVolumeOverride: {fileID: 0}
  m_ScaleInLightmap: 1
  m_PreserveUVs: 0
  m_IgnoreNormalsForChartDetection: 0
  m_ImportantGI: 0
  m_StitchLightmapSeams: 0
  m_SelectedEditorRenderState: 3
  m_MinimumChartSize: 4
  m_AutoUVMaxDistance: 0.5
  m_AutoUVMaxAngle: 89
  m_LightmapParameters: {fileID: 0}
  m_SortingLayerID: 0
  m_SortingLayer: 0
  m_SortingOrder: 0
  serializedVersion: 2
  m_Quality: 0
  m_UpdateWhenOffscreen: 0
  m_SkinnedMotionVectors: 1
  m_Mesh: {fileID: 10209, guid: 0000000000000000e000000000000000, type: 0}
  m_Bones: []
  m_BlendShapeWeights: []
  m_RootBone: {fileID: 0}
  m_AABB:
    m_Center: {x: 0.00000023841858, y: 0, z: 0}
    m_Extent: {x: 5.000003, y: 0.0000017881398, z: 5}
  m_DirtyAABB: 0
--- !u!64 &1233037386
MeshCollider:
  m_ObjectHideFlags: 0
  m_PrefabParentObject: {fileID: 0}
  m_PrefabInternal: {fileID: 0}
  m_GameObject: {fileID: 1233037384}
  m_Material: {fileID: 0}
  m_IsTrigger: 0
  m_Enabled: 1
  serializedVersion: 3
  m_Convex: 0
  m_CookingOptions: 14
  m_SkinWidth: 0.01
  m_Mesh: {fileID: 10209, guid: 0000000000000000e000000000000000, type: 0}
--- !u!33 &1233037387
MeshFilter:
  m_ObjectHideFlags: 0
  m_PrefabParentObject: {fileID: 0}
  m_PrefabInternal: {fileID: 0}
  m_GameObject: {fileID: 1233037384}
  m_Mesh: {fileID: 10209, guid: 0000000000000000e000000000000000, type: 0}
--- !u!4 &1233037388
Transform:
  m_ObjectHideFlags: 0
  m_PrefabParentObject: {fileID: 0}
  m_PrefabInternal: {fileID: 0}
  m_GameObject: {fileID: 1233037384}
  m_LocalRotation: {x: -0.50000006, y: -0.5, z: 0.50000006, w: 0.5}
  m_LocalPosition: {x: 1.8377011, y: 1.261, z: 4.722}
  m_LocalScale: {x: 0.4, y: 0.4, z: 0.4}
  m_Children: []
  m_Father: {fileID: 0}
  m_RootOrder: 9
  m_LocalEulerAnglesHint: {x: 0, y: -90, z: 90.00001}
--- !u!1001 &1239927922
Prefab:
  m_ObjectHideFlags: 0
  serializedVersion: 2
  m_Modification:
    m_TransformParent: {fileID: 1767578671}
    m_Modifications:
    - target: {fileID: 400000, guid: 39812ad190c55b54ca701c91c353f324, type: 3}
      propertyPath: m_LocalPosition.x
      value: -0.35
      objectReference: {fileID: 0}
    - target: {fileID: 400000, guid: 39812ad190c55b54ca701c91c353f324, type: 3}
      propertyPath: m_LocalPosition.y
      value: 2.348
      objectReference: {fileID: 0}
    - target: {fileID: 400000, guid: 39812ad190c55b54ca701c91c353f324, type: 3}
      propertyPath: m_LocalPosition.z
      value: 1.03
      objectReference: {fileID: 0}
    - target: {fileID: 400000, guid: 39812ad190c55b54ca701c91c353f324, type: 3}
      propertyPath: m_LocalRotation.x
      value: 0.000000030908623
      objectReference: {fileID: 0}
    - target: {fileID: 400000, guid: 39812ad190c55b54ca701c91c353f324, type: 3}
      propertyPath: m_LocalRotation.y
      value: 0.7071068
      objectReference: {fileID: 0}
    - target: {fileID: 400000, guid: 39812ad190c55b54ca701c91c353f324, type: 3}
      propertyPath: m_LocalRotation.z
      value: 0.7071068
      objectReference: {fileID: 0}
    - target: {fileID: 400000, guid: 39812ad190c55b54ca701c91c353f324, type: 3}
      propertyPath: m_LocalRotation.w
      value: -0.000000030908623
      objectReference: {fileID: 0}
    - target: {fileID: 400000, guid: 39812ad190c55b54ca701c91c353f324, type: 3}
      propertyPath: m_RootOrder
      value: 6
      objectReference: {fileID: 0}
    - target: {fileID: 400000, guid: 39812ad190c55b54ca701c91c353f324, type: 3}
      propertyPath: m_LocalScale.x
      value: -1.000001
      objectReference: {fileID: 0}
    - target: {fileID: 400000, guid: 39812ad190c55b54ca701c91c353f324, type: 3}
      propertyPath: m_LocalScale.y
      value: -1.0000005
      objectReference: {fileID: 0}
    - target: {fileID: 400000, guid: 39812ad190c55b54ca701c91c353f324, type: 3}
      propertyPath: m_LocalScale.z
      value: -1.0000005
      objectReference: {fileID: 0}
    - target: {fileID: 100000, guid: 39812ad190c55b54ca701c91c353f324, type: 3}
      propertyPath: m_Name
      value: POUTRE_LARGEUR (2)
      objectReference: {fileID: 0}
    m_RemovedComponents: []
  m_ParentPrefab: {fileID: 100100000, guid: 39812ad190c55b54ca701c91c353f324, type: 3}
  m_IsPrefabParent: 0
--- !u!4 &1239927923 stripped
Transform:
  m_PrefabParentObject: {fileID: 400000, guid: 39812ad190c55b54ca701c91c353f324, type: 3}
  m_PrefabInternal: {fileID: 1239927922}
--- !u!1001 &1381177142
Prefab:
  m_ObjectHideFlags: 0
  serializedVersion: 2
  m_Modification:
    m_TransformParent: {fileID: 1846095691}
    m_Modifications:
    - target: {fileID: 400000, guid: 41bd689c8b62eef4985f5b00932d86ac, type: 3}
      propertyPath: m_LocalPosition.x
      value: -0.29299998
      objectReference: {fileID: 0}
    - target: {fileID: 400000, guid: 41bd689c8b62eef4985f5b00932d86ac, type: 3}
      propertyPath: m_LocalPosition.y
      value: 1.116
      objectReference: {fileID: 0}
    - target: {fileID: 400000, guid: 41bd689c8b62eef4985f5b00932d86ac, type: 3}
      propertyPath: m_LocalPosition.z
      value: -3.586
      objectReference: {fileID: 0}
    - target: {fileID: 400000, guid: 41bd689c8b62eef4985f5b00932d86ac, type: 3}
      propertyPath: m_LocalRotation.x
      value: -0.7071068
      objectReference: {fileID: 0}
    - target: {fileID: 400000, guid: 41bd689c8b62eef4985f5b00932d86ac, type: 3}
      propertyPath: m_LocalRotation.y
      value: -0
      objectReference: {fileID: 0}
    - target: {fileID: 400000, guid: 41bd689c8b62eef4985f5b00932d86ac, type: 3}
      propertyPath: m_LocalRotation.z
      value: -0
      objectReference: {fileID: 0}
    - target: {fileID: 400000, guid: 41bd689c8b62eef4985f5b00932d86ac, type: 3}
      propertyPath: m_LocalRotation.w
      value: 0.7071068
      objectReference: {fileID: 0}
    - target: {fileID: 400000, guid: 41bd689c8b62eef4985f5b00932d86ac, type: 3}
      propertyPath: m_RootOrder
      value: 8
      objectReference: {fileID: 0}
    - target: {fileID: 400000, guid: 41bd689c8b62eef4985f5b00932d86ac, type: 3}
      propertyPath: m_LocalScale.y
      value: 1.0000005
      objectReference: {fileID: 0}
    - target: {fileID: 400000, guid: 41bd689c8b62eef4985f5b00932d86ac, type: 3}
      propertyPath: m_LocalScale.z
      value: 1.0000005
      objectReference: {fileID: 0}
    - target: {fileID: 100000, guid: 41bd689c8b62eef4985f5b00932d86ac, type: 3}
      propertyPath: m_Name
      value: BRANCH (1)
      objectReference: {fileID: 0}
    m_RemovedComponents: []
  m_ParentPrefab: {fileID: 100100000, guid: 41bd689c8b62eef4985f5b00932d86ac, type: 3}
  m_IsPrefabParent: 0
--- !u!4 &1381177143 stripped
Transform:
  m_PrefabParentObject: {fileID: 400000, guid: 41bd689c8b62eef4985f5b00932d86ac, type: 3}
  m_PrefabInternal: {fileID: 1381177142}
--- !u!4 &1443150076 stripped
Transform:
  m_PrefabParentObject: {fileID: 400000, guid: b97d9196457ee924bacce261a9e9b587, type: 3}
  m_PrefabInternal: {fileID: 308610034}
--- !u!1001 &1454476294
Prefab:
  m_ObjectHideFlags: 0
  serializedVersion: 2
  m_Modification:
    m_TransformParent: {fileID: 1767578671}
    m_Modifications:
    - target: {fileID: 400000, guid: 39812ad190c55b54ca701c91c353f324, type: 3}
      propertyPath: m_LocalPosition.x
      value: -0.355
      objectReference: {fileID: 0}
    - target: {fileID: 400000, guid: 39812ad190c55b54ca701c91c353f324, type: 3}
      propertyPath: m_LocalPosition.y
      value: 2.346
      objectReference: {fileID: 0}
    - target: {fileID: 400000, guid: 39812ad190c55b54ca701c91c353f324, type: 3}
      propertyPath: m_LocalPosition.z
      value: -1.182
      objectReference: {fileID: 0}
    - target: {fileID: 400000, guid: 39812ad190c55b54ca701c91c353f324, type: 3}
      propertyPath: m_LocalRotation.x
      value: 0.000000030908623
      objectReference: {fileID: 0}
    - target: {fileID: 400000, guid: 39812ad190c55b54ca701c91c353f324, type: 3}
      propertyPath: m_LocalRotation.y
      value: 0.7071068
      objectReference: {fileID: 0}
    - target: {fileID: 400000, guid: 39812ad190c55b54ca701c91c353f324, type: 3}
      propertyPath: m_LocalRotation.z
      value: 0.7071068
      objectReference: {fileID: 0}
    - target: {fileID: 400000, guid: 39812ad190c55b54ca701c91c353f324, type: 3}
      propertyPath: m_LocalRotation.w
      value: -0.000000030908623
      objectReference: {fileID: 0}
    - target: {fileID: 400000, guid: 39812ad190c55b54ca701c91c353f324, type: 3}
      propertyPath: m_RootOrder
      value: 5
      objectReference: {fileID: 0}
    - target: {fileID: 400000, guid: 39812ad190c55b54ca701c91c353f324, type: 3}
      propertyPath: m_LocalScale.x
      value: -1.000001
      objectReference: {fileID: 0}
    - target: {fileID: 400000, guid: 39812ad190c55b54ca701c91c353f324, type: 3}
      propertyPath: m_LocalScale.y
      value: -1.0000005
      objectReference: {fileID: 0}
    - target: {fileID: 400000, guid: 39812ad190c55b54ca701c91c353f324, type: 3}
      propertyPath: m_LocalScale.z
      value: -1.0000005
      objectReference: {fileID: 0}
    - target: {fileID: 100000, guid: 39812ad190c55b54ca701c91c353f324, type: 3}
      propertyPath: m_Name
      value: POUTRE_LARGEUR (1)
      objectReference: {fileID: 0}
    - target: {fileID: 2300000, guid: 39812ad190c55b54ca701c91c353f324, type: 3}
      propertyPath: m_Materials.Array.data[0]
      value: 
      objectReference: {fileID: 2100000, guid: d9c3f71d559d0954a9c14e72642f0ce0, type: 3}
    m_RemovedComponents: []
  m_ParentPrefab: {fileID: 100100000, guid: 39812ad190c55b54ca701c91c353f324, type: 3}
  m_IsPrefabParent: 0
--- !u!4 &1454476295 stripped
Transform:
  m_PrefabParentObject: {fileID: 400000, guid: 39812ad190c55b54ca701c91c353f324, type: 3}
  m_PrefabInternal: {fileID: 1454476294}
--- !u!1 &1456898865
GameObject:
  m_ObjectHideFlags: 0
  m_PrefabParentObject: {fileID: 0}
  m_PrefabInternal: {fileID: 0}
  serializedVersion: 5
  m_Component:
  - component: {fileID: 1456898869}
  - component: {fileID: 1456898868}
  - component: {fileID: 1456898867}
  - component: {fileID: 1456898866}
  m_Layer: 0
  m_Name: WALL (2)
  m_TagString: Untagged
  m_Icon: {fileID: 0}
  m_NavMeshLayer: 0
  m_StaticEditorFlags: 0
  m_IsActive: 1
--- !u!137 &1456898866
SkinnedMeshRenderer:
  m_ObjectHideFlags: 0
  m_PrefabParentObject: {fileID: 0}
  m_PrefabInternal: {fileID: 0}
  m_GameObject: {fileID: 1456898865}
  m_Enabled: 1
  m_CastShadows: 1
  m_ReceiveShadows: 1
  m_DynamicOccludee: 1
  m_MotionVectors: 1
  m_LightProbeUsage: 1
  m_ReflectionProbeUsage: 1
  m_RenderingLayerMask: 4294967295
  m_Materials:
  - {fileID: 2100000, guid: 1236e49e2d22edf4b8c272f346fe40c7, type: 3}
  m_StaticBatchInfo:
    firstSubMesh: 0
    subMeshCount: 0
  m_StaticBatchRoot: {fileID: 0}
  m_ProbeAnchor: {fileID: 0}
  m_LightProbeVolumeOverride: {fileID: 0}
  m_ScaleInLightmap: 1
  m_PreserveUVs: 0
  m_IgnoreNormalsForChartDetection: 0
  m_ImportantGI: 0
  m_StitchLightmapSeams: 0
  m_SelectedEditorRenderState: 3
  m_MinimumChartSize: 4
  m_AutoUVMaxDistance: 0.5
  m_AutoUVMaxAngle: 89
  m_LightmapParameters: {fileID: 0}
  m_SortingLayerID: 0
  m_SortingLayer: 0
  m_SortingOrder: 0
  serializedVersion: 2
  m_Quality: 0
  m_UpdateWhenOffscreen: 0
  m_SkinnedMotionVectors: 1
  m_Mesh: {fileID: 10209, guid: 0000000000000000e000000000000000, type: 0}
  m_Bones: []
  m_BlendShapeWeights: []
  m_RootBone: {fileID: 0}
  m_AABB:
    m_Center: {x: 0.00000023841858, y: 0, z: 0}
    m_Extent: {x: 5.000003, y: 0.0000017881398, z: 5}
  m_DirtyAABB: 0
--- !u!64 &1456898867
MeshCollider:
  m_ObjectHideFlags: 0
  m_PrefabParentObject: {fileID: 0}
  m_PrefabInternal: {fileID: 0}
  m_GameObject: {fileID: 1456898865}
  m_Material: {fileID: 0}
  m_IsTrigger: 0
  m_Enabled: 1
  serializedVersion: 3
  m_Convex: 0
  m_CookingOptions: 14
  m_SkinWidth: 0.01
  m_Mesh: {fileID: 10209, guid: 0000000000000000e000000000000000, type: 0}
--- !u!33 &1456898868
MeshFilter:
  m_ObjectHideFlags: 0
  m_PrefabParentObject: {fileID: 0}
  m_PrefabInternal: {fileID: 0}
  m_GameObject: {fileID: 1456898865}
  m_Mesh: {fileID: 10209, guid: 0000000000000000e000000000000000, type: 0}
--- !u!4 &1456898869
Transform:
  m_ObjectHideFlags: 0
  m_PrefabParentObject: {fileID: 0}
  m_PrefabInternal: {fileID: 0}
  m_GameObject: {fileID: 1456898865}
  m_LocalRotation: {x: 0, y: 0, z: 0.7071068, w: 0.7071068}
  m_LocalPosition: {x: 3.829, y: 1.261, z: 2.797}
  m_LocalScale: {x: 0.4, y: 0.4, z: 0.4}
  m_Children: []
  m_Father: {fileID: 0}
  m_RootOrder: 8
  m_LocalEulerAnglesHint: {x: 0, y: 0, z: 90}
--- !u!1001 &1460699791
Prefab:
  m_ObjectHideFlags: 0
  serializedVersion: 2
  m_Modification:
    m_TransformParent: {fileID: 1767578671}
    m_Modifications:
    - target: {fileID: 400000, guid: 39812ad190c55b54ca701c91c353f324, type: 3}
      propertyPath: m_LocalPosition.x
      value: -0.355
      objectReference: {fileID: 0}
    - target: {fileID: 400000, guid: 39812ad190c55b54ca701c91c353f324, type: 3}
      propertyPath: m_LocalPosition.y
      value: 2.346
      objectReference: {fileID: 0}
    - target: {fileID: 400000, guid: 39812ad190c55b54ca701c91c353f324, type: 3}
      propertyPath: m_LocalPosition.z
      value: -2.812
      objectReference: {fileID: 0}
    - target: {fileID: 400000, guid: 39812ad190c55b54ca701c91c353f324, type: 3}
      propertyPath: m_LocalRotation.x
      value: 0.000000030908623
      objectReference: {fileID: 0}
    - target: {fileID: 400000, guid: 39812ad190c55b54ca701c91c353f324, type: 3}
      propertyPath: m_LocalRotation.y
      value: 0.7071068
      objectReference: {fileID: 0}
    - target: {fileID: 400000, guid: 39812ad190c55b54ca701c91c353f324, type: 3}
      propertyPath: m_LocalRotation.z
      value: 0.7071068
      objectReference: {fileID: 0}
    - target: {fileID: 400000, guid: 39812ad190c55b54ca701c91c353f324, type: 3}
      propertyPath: m_LocalRotation.w
      value: -0.000000030908623
      objectReference: {fileID: 0}
    - target: {fileID: 400000, guid: 39812ad190c55b54ca701c91c353f324, type: 3}
      propertyPath: m_RootOrder
      value: 1
      objectReference: {fileID: 0}
    m_RemovedComponents: []
  m_ParentPrefab: {fileID: 100100000, guid: 39812ad190c55b54ca701c91c353f324, type: 3}
  m_IsPrefabParent: 0
--- !u!4 &1460699792 stripped
Transform:
  m_PrefabParentObject: {fileID: 400000, guid: 39812ad190c55b54ca701c91c353f324, type: 3}
  m_PrefabInternal: {fileID: 1460699791}
--- !u!1 &1517257318
GameObject:
  m_ObjectHideFlags: 0
  m_PrefabParentObject: {fileID: 0}
  m_PrefabInternal: {fileID: 0}
  serializedVersion: 5
  m_Component:
  - component: {fileID: 1517257320}
  - component: {fileID: 1517257319}
  m_Layer: 0
  m_Name: LAMP_TOP
  m_TagString: Untagged
  m_Icon: {fileID: 0}
  m_NavMeshLayer: 0
  m_StaticEditorFlags: 0
  m_IsActive: 1
--- !u!108 &1517257319
Light:
  m_ObjectHideFlags: 0
  m_PrefabParentObject: {fileID: 0}
  m_PrefabInternal: {fileID: 0}
  m_GameObject: {fileID: 1517257318}
  m_Enabled: 1
  serializedVersion: 8
  m_Type: 2
  m_Color: {r: 0.7783019, g: 1, b: 0.9853388, a: 1}
  m_Intensity: 0.7
  m_Range: 11.484467
  m_SpotAngle: 30
  m_CookieSize: 10
  m_Shadows:
    m_Type: 2
    m_Resolution: 2
    m_CustomResolution: -1
    m_Strength: 0.369
    m_Bias: 0.05
    m_NormalBias: 0.4
    m_NearPlane: 0.2
  m_Cookie: {fileID: 0}
  m_DrawHalo: 0
  m_Flare: {fileID: 0}
  m_RenderMode: 1
  m_CullingMask:
    serializedVersion: 2
    m_Bits: 4294967295
  m_Lightmapping: 4
  m_AreaSize: {x: 1, y: 1}
  m_BounceIntensity: 2
  m_ColorTemperature: 6570
  m_UseColorTemperature: 0
  m_ShadowRadius: 0
  m_ShadowAngle: 0
--- !u!4 &1517257320
Transform:
  m_ObjectHideFlags: 0
  m_PrefabParentObject: {fileID: 0}
  m_PrefabInternal: {fileID: 0}
  m_GameObject: {fileID: 1517257318}
  m_LocalRotation: {x: 0, y: 0, z: 0, w: 1}
  m_LocalPosition: {x: 1.211, y: 2.038, z: -0.335}
  m_LocalScale: {x: 1, y: 1, z: 1}
  m_Children: []
  m_Father: {fileID: 0}
  m_RootOrder: 4
  m_LocalEulerAnglesHint: {x: 0, y: 0, z: 0}
--- !u!1 &1519833803
GameObject:
  m_ObjectHideFlags: 0
  m_PrefabParentObject: {fileID: 0}
  m_PrefabInternal: {fileID: 0}
  serializedVersion: 5
  m_Component:
  - component: {fileID: 1519833807}
  - component: {fileID: 1519833806}
  - component: {fileID: 1519833805}
  - component: {fileID: 1519833804}
  m_Layer: 0
  m_Name: WALL (1)
  m_TagString: Untagged
  m_Icon: {fileID: 0}
  m_NavMeshLayer: 0
  m_StaticEditorFlags: 0
  m_IsActive: 1
--- !u!137 &1519833804
SkinnedMeshRenderer:
  m_ObjectHideFlags: 0
  m_PrefabParentObject: {fileID: 0}
  m_PrefabInternal: {fileID: 0}
  m_GameObject: {fileID: 1519833803}
  m_Enabled: 1
  m_CastShadows: 1
  m_ReceiveShadows: 1
  m_DynamicOccludee: 1
  m_MotionVectors: 1
  m_LightProbeUsage: 1
  m_ReflectionProbeUsage: 1
  m_RenderingLayerMask: 4294967295
  m_Materials:
  - {fileID: 2100000, guid: 1236e49e2d22edf4b8c272f346fe40c7, type: 3}
  m_StaticBatchInfo:
    firstSubMesh: 0
    subMeshCount: 0
  m_StaticBatchRoot: {fileID: 0}
  m_ProbeAnchor: {fileID: 0}
  m_LightProbeVolumeOverride: {fileID: 0}
  m_ScaleInLightmap: 1
  m_PreserveUVs: 0
  m_IgnoreNormalsForChartDetection: 0
  m_ImportantGI: 0
  m_StitchLightmapSeams: 0
  m_SelectedEditorRenderState: 3
  m_MinimumChartSize: 4
  m_AutoUVMaxDistance: 0.5
  m_AutoUVMaxAngle: 89
  m_LightmapParameters: {fileID: 0}
  m_SortingLayerID: 0
  m_SortingLayer: 0
  m_SortingOrder: 0
  serializedVersion: 2
  m_Quality: 0
  m_UpdateWhenOffscreen: 0
  m_SkinnedMotionVectors: 1
  m_Mesh: {fileID: 10209, guid: 0000000000000000e000000000000000, type: 0}
  m_Bones: []
  m_BlendShapeWeights: []
  m_RootBone: {fileID: 0}
  m_AABB:
    m_Center: {x: 0.00000023841858, y: 0, z: 0}
    m_Extent: {x: 5.000003, y: 0.0000017881398, z: 5}
  m_DirtyAABB: 0
--- !u!64 &1519833805
MeshCollider:
  m_ObjectHideFlags: 0
  m_PrefabParentObject: {fileID: 0}
  m_PrefabInternal: {fileID: 0}
  m_GameObject: {fileID: 1519833803}
  m_Material: {fileID: 0}
  m_IsTrigger: 0
  m_Enabled: 1
  serializedVersion: 3
  m_Convex: 0
  m_CookingOptions: 14
  m_SkinWidth: 0.01
  m_Mesh: {fileID: 10209, guid: 0000000000000000e000000000000000, type: 0}
--- !u!33 &1519833806
MeshFilter:
  m_ObjectHideFlags: 0
  m_PrefabParentObject: {fileID: 0}
  m_PrefabInternal: {fileID: 0}
  m_GameObject: {fileID: 1519833803}
  m_Mesh: {fileID: 10209, guid: 0000000000000000e000000000000000, type: 0}
--- !u!4 &1519833807
Transform:
  m_ObjectHideFlags: 0
  m_PrefabParentObject: {fileID: 0}
  m_PrefabInternal: {fileID: 0}
  m_GameObject: {fileID: 1519833803}
  m_LocalRotation: {x: 0, y: 0, z: 0.7071068, w: 0.7071068}
  m_LocalPosition: {x: 3.829, y: 1.261, z: -1.194}
  m_LocalScale: {x: 0.4, y: 0.4, z: 0.4}
  m_Children: []
  m_Father: {fileID: 0}
  m_RootOrder: 7
  m_LocalEulerAnglesHint: {x: 0, y: 0, z: 90}
--- !u!4 &1520973981 stripped
Transform:
  m_PrefabParentObject: {fileID: 400002, guid: 4e829945087185a48b5198a711bb441a, type: 3}
  m_PrefabInternal: {fileID: 1923331475}
--- !u!1001 &1562361819
Prefab:
  m_ObjectHideFlags: 0
  serializedVersion: 2
  m_Modification:
    m_TransformParent: {fileID: 1846095691}
    m_Modifications:
    - target: {fileID: 400000, guid: bb14cc8b0894f7846ad099d3d95eeada, type: 3}
      propertyPath: m_LocalPosition.x
      value: 0.60867965
      objectReference: {fileID: 0}
    - target: {fileID: 400000, guid: bb14cc8b0894f7846ad099d3d95eeada, type: 3}
      propertyPath: m_LocalPosition.y
      value: 0
      objectReference: {fileID: 0}
    - target: {fileID: 400000, guid: bb14cc8b0894f7846ad099d3d95eeada, type: 3}
      propertyPath: m_LocalPosition.z
      value: -0.34866047
      objectReference: {fileID: 0}
    - target: {fileID: 400000, guid: bb14cc8b0894f7846ad099d3d95eeada, type: 3}
      propertyPath: m_LocalRotation.x
      value: -0.7071068
      objectReference: {fileID: 0}
    - target: {fileID: 400000, guid: bb14cc8b0894f7846ad099d3d95eeada, type: 3}
      propertyPath: m_LocalRotation.y
      value: 0
      objectReference: {fileID: 0}
    - target: {fileID: 400000, guid: bb14cc8b0894f7846ad099d3d95eeada, type: 3}
      propertyPath: m_LocalRotation.z
      value: -0
      objectReference: {fileID: 0}
    - target: {fileID: 400000, guid: bb14cc8b0894f7846ad099d3d95eeada, type: 3}
      propertyPath: m_LocalRotation.w
      value: 0.7071068
      objectReference: {fileID: 0}
    - target: {fileID: 400000, guid: bb14cc8b0894f7846ad099d3d95eeada, type: 3}
      propertyPath: m_RootOrder
      value: 5
      objectReference: {fileID: 0}
    m_RemovedComponents: []
  m_ParentPrefab: {fileID: 100100000, guid: bb14cc8b0894f7846ad099d3d95eeada, type: 3}
  m_IsPrefabParent: 0
--- !u!4 &1562361820 stripped
Transform:
  m_PrefabParentObject: {fileID: 400000, guid: bb14cc8b0894f7846ad099d3d95eeada, type: 3}
  m_PrefabInternal: {fileID: 1562361819}
--- !u!1 &1576196613
GameObject:
  m_ObjectHideFlags: 0
  m_PrefabParentObject: {fileID: 0}
  m_PrefabInternal: {fileID: 0}
  serializedVersion: 5
  m_Component:
  - component: {fileID: 1576196614}
  m_Layer: 0
  m_Name: MOUNTAINS
  m_TagString: Untagged
  m_Icon: {fileID: 0}
  m_NavMeshLayer: 0
  m_StaticEditorFlags: 0
  m_IsActive: 1
--- !u!4 &1576196614
Transform:
  m_ObjectHideFlags: 0
  m_PrefabParentObject: {fileID: 0}
  m_PrefabInternal: {fileID: 0}
  m_GameObject: {fileID: 1576196613}
  m_LocalRotation: {x: 0, y: 0, z: 0, w: 1}
  m_LocalPosition: {x: 2.3950195, y: 1.0374756, z: -1.6508789}
  m_LocalScale: {x: 1, y: 1, z: 1}
  m_Children:
  - {fileID: 396288482}
  - {fileID: 896539084}
  - {fileID: 187393314}
  - {fileID: 1676699067}
  m_Father: {fileID: 0}
  m_RootOrder: 5
  m_LocalEulerAnglesHint: {x: 0, y: 0, z: 0}
--- !u!1001 &1591823924
Prefab:
  m_ObjectHideFlags: 0
  serializedVersion: 2
  m_Modification:
    m_TransformParent: {fileID: 1767578671}
    m_Modifications:
    - target: {fileID: 400000, guid: 03882e3d5c1dad543a329b321bc29b76, type: 3}
      propertyPath: m_LocalPosition.x
      value: -0.27263916
      objectReference: {fileID: 0}
    - target: {fileID: 400000, guid: 03882e3d5c1dad543a329b321bc29b76, type: 3}
      propertyPath: m_LocalPosition.y
      value: 0
      objectReference: {fileID: 0}
    - target: {fileID: 400000, guid: 03882e3d5c1dad543a329b321bc29b76, type: 3}
      propertyPath: m_LocalPosition.z
      value: 1.14
      objectReference: {fileID: 0}
    - target: {fileID: 400000, guid: 03882e3d5c1dad543a329b321bc29b76, type: 3}
      propertyPath: m_LocalRotation.x
      value: -0.7071068
      objectReference: {fileID: 0}
    - target: {fileID: 400000, guid: 03882e3d5c1dad543a329b321bc29b76, type: 3}
      propertyPath: m_LocalRotation.y
      value: 0
      objectReference: {fileID: 0}
    - target: {fileID: 400000, guid: 03882e3d5c1dad543a329b321bc29b76, type: 3}
      propertyPath: m_LocalRotation.z
      value: -0
      objectReference: {fileID: 0}
    - target: {fileID: 400000, guid: 03882e3d5c1dad543a329b321bc29b76, type: 3}
      propertyPath: m_LocalRotation.w
      value: 0.7071068
      objectReference: {fileID: 0}
    - target: {fileID: 400000, guid: 03882e3d5c1dad543a329b321bc29b76, type: 3}
      propertyPath: m_RootOrder
      value: 0
      objectReference: {fileID: 0}
    - target: {fileID: 2300000, guid: 03882e3d5c1dad543a329b321bc29b76, type: 3}
      propertyPath: m_Materials.Array.data[0]
      value: 
      objectReference: {fileID: 2100000, guid: fa24a3cb5a35b1248aa213d9475d0973, type: 2}
    m_RemovedComponents: []
  m_ParentPrefab: {fileID: 100100000, guid: 03882e3d5c1dad543a329b321bc29b76, type: 3}
  m_IsPrefabParent: 0
--- !u!4 &1591823925 stripped
Transform:
  m_PrefabParentObject: {fileID: 400000, guid: 03882e3d5c1dad543a329b321bc29b76, type: 3}
  m_PrefabInternal: {fileID: 1591823924}
--- !u!1001 &1616512540
Prefab:
  m_ObjectHideFlags: 0
  serializedVersion: 2
  m_Modification:
    m_TransformParent: {fileID: 1846095691}
    m_Modifications:
    - target: {fileID: 400000, guid: 41bd689c8b62eef4985f5b00932d86ac, type: 3}
      propertyPath: m_LocalPosition.x
      value: -0.294
      objectReference: {fileID: 0}
    - target: {fileID: 400000, guid: 41bd689c8b62eef4985f5b00932d86ac, type: 3}
      propertyPath: m_LocalPosition.y
      value: 1.168
      objectReference: {fileID: 0}
    - target: {fileID: 400000, guid: 41bd689c8b62eef4985f5b00932d86ac, type: 3}
      propertyPath: m_LocalPosition.z
      value: -3.277
      objectReference: {fileID: 0}
    - target: {fileID: 400000, guid: 41bd689c8b62eef4985f5b00932d86ac, type: 3}
      propertyPath: m_LocalRotation.x
      value: -0.67615014
      objectReference: {fileID: 0}
    - target: {fileID: 400000, guid: 41bd689c8b62eef4985f5b00932d86ac, type: 3}
      propertyPath: m_LocalRotation.y
      value: 0.26534787
      objectReference: {fileID: 0}
    - target: {fileID: 400000, guid: 41bd689c8b62eef4985f5b00932d86ac, type: 3}
      propertyPath: m_LocalRotation.z
      value: 0.16393583
      objectReference: {fileID: 0}
    - target: {fileID: 400000, guid: 41bd689c8b62eef4985f5b00932d86ac, type: 3}
      propertyPath: m_LocalRotation.w
      value: 0.6674853
      objectReference: {fileID: 0}
    - target: {fileID: 400000, guid: 41bd689c8b62eef4985f5b00932d86ac, type: 3}
      propertyPath: m_RootOrder
      value: 9
      objectReference: {fileID: 0}
    - target: {fileID: 400000, guid: 41bd689c8b62eef4985f5b00932d86ac, type: 3}
      propertyPath: m_LocalScale.y
      value: 1.0000005
      objectReference: {fileID: 0}
    - target: {fileID: 400000, guid: 41bd689c8b62eef4985f5b00932d86ac, type: 3}
      propertyPath: m_LocalScale.z
      value: 1.0000005
      objectReference: {fileID: 0}
    - target: {fileID: 100000, guid: 41bd689c8b62eef4985f5b00932d86ac, type: 3}
      propertyPath: m_Name
      value: BRANCH (2)
      objectReference: {fileID: 0}
    - target: {fileID: 400000, guid: 41bd689c8b62eef4985f5b00932d86ac, type: 3}
      propertyPath: m_LocalEulerAnglesHint.x
      value: -98.254
      objectReference: {fileID: 0}
    - target: {fileID: 400000, guid: 41bd689c8b62eef4985f5b00932d86ac, type: 3}
      propertyPath: m_LocalEulerAnglesHint.z
      value: 102.835
      objectReference: {fileID: 0}
    - target: {fileID: 400000, guid: 41bd689c8b62eef4985f5b00932d86ac, type: 3}
      propertyPath: m_LocalEulerAnglesHint.y
      value: -67.39801
      objectReference: {fileID: 0}
    m_RemovedComponents: []
  m_ParentPrefab: {fileID: 100100000, guid: 41bd689c8b62eef4985f5b00932d86ac, type: 3}
  m_IsPrefabParent: 0
--- !u!4 &1616512541 stripped
Transform:
  m_PrefabParentObject: {fileID: 400000, guid: 41bd689c8b62eef4985f5b00932d86ac, type: 3}
  m_PrefabInternal: {fileID: 1616512540}
--- !u!4 &1676699067 stripped
Transform:
  m_PrefabParentObject: {fileID: 400794, guid: a0caed2329b1ff545b145d48d6ef85d7, type: 2}
  m_PrefabInternal: {fileID: 94348989}
--- !u!1 &1767578670
GameObject:
  m_ObjectHideFlags: 0
  m_PrefabParentObject: {fileID: 0}
  m_PrefabInternal: {fileID: 0}
  serializedVersion: 5
  m_Component:
  - component: {fileID: 1767578671}
  m_Layer: 0
  m_Name: HOUSE
  m_TagString: Untagged
  m_Icon: {fileID: 0}
  m_NavMeshLayer: 0
  m_StaticEditorFlags: 0
  m_IsActive: 1
--- !u!4 &1767578671
Transform:
  m_ObjectHideFlags: 0
  m_PrefabParentObject: {fileID: 0}
  m_PrefabInternal: {fileID: 0}
  m_GameObject: {fileID: 1767578670}
  m_LocalRotation: {x: 0, y: 0, z: 0, w: 1}
  m_LocalPosition: {x: -0.27263916, y: 0, z: 0.4725409}
  m_LocalScale: {x: 1, y: 1, z: 1}
  m_Children:
  - {fileID: 1591823925}
  - {fileID: 1460699792}
  - {fileID: 219938455}
  - {fileID: 2062039526}
  - {fileID: 654486434}
  - {fileID: 1454476295}
  - {fileID: 1239927923}
  m_Father: {fileID: 0}
  m_RootOrder: 1
  m_LocalEulerAnglesHint: {x: 0, y: 0, z: 0}
--- !u!1001 &1791696391
Prefab:
  m_ObjectHideFlags: 0
  serializedVersion: 2
  m_Modification:
    m_TransformParent: {fileID: 1576196614}
    m_Modifications:
    - target: {fileID: 400794, guid: a0caed2329b1ff545b145d48d6ef85d7, type: 2}
      propertyPath: m_LocalPosition.x
      value: -5.9850197
      objectReference: {fileID: 0}
    - target: {fileID: 400794, guid: a0caed2329b1ff545b145d48d6ef85d7, type: 2}
      propertyPath: m_LocalPosition.y
      value: -4.8449755
      objectReference: {fileID: 0}
    - target: {fileID: 400794, guid: a0caed2329b1ff545b145d48d6ef85d7, type: 2}
      propertyPath: m_LocalPosition.z
      value: -26.799122
      objectReference: {fileID: 0}
    - target: {fileID: 400794, guid: a0caed2329b1ff545b145d48d6ef85d7, type: 2}
      propertyPath: m_LocalRotation.x
      value: -0
      objectReference: {fileID: 0}
    - target: {fileID: 400794, guid: a0caed2329b1ff545b145d48d6ef85d7, type: 2}
      propertyPath: m_LocalRotation.y
      value: -0.24454133
      objectReference: {fileID: 0}
    - target: {fileID: 400794, guid: a0caed2329b1ff545b145d48d6ef85d7, type: 2}
      propertyPath: m_LocalRotation.z
      value: -0
      objectReference: {fileID: 0}
    - target: {fileID: 400794, guid: a0caed2329b1ff545b145d48d6ef85d7, type: 2}
      propertyPath: m_LocalRotation.w
      value: 0.9696389
      objectReference: {fileID: 0}
    - target: {fileID: 400794, guid: a0caed2329b1ff545b145d48d6ef85d7, type: 2}
      propertyPath: m_RootOrder
      value: 0
      objectReference: {fileID: 0}
    - target: {fileID: 130108, guid: a0caed2329b1ff545b145d48d6ef85d7, type: 2}
      propertyPath: m_Name
      value: mountain_Snow_000 (1)
      objectReference: {fileID: 0}
    - target: {fileID: 400794, guid: a0caed2329b1ff545b145d48d6ef85d7, type: 2}
      propertyPath: m_LocalEulerAnglesHint.y
      value: -28.309002
      objectReference: {fileID: 0}
    - target: {fileID: 400794, guid: a0caed2329b1ff545b145d48d6ef85d7, type: 2}
      propertyPath: m_LocalScale.x
      value: 0.8155395
      objectReference: {fileID: 0}
    - target: {fileID: 400794, guid: a0caed2329b1ff545b145d48d6ef85d7, type: 2}
      propertyPath: m_LocalScale.y
      value: 0.8155394
      objectReference: {fileID: 0}
    - target: {fileID: 400794, guid: a0caed2329b1ff545b145d48d6ef85d7, type: 2}
      propertyPath: m_LocalScale.z
      value: 0.81553936
      objectReference: {fileID: 0}
    m_RemovedComponents: []
  m_ParentPrefab: {fileID: 100100000, guid: a0caed2329b1ff545b145d48d6ef85d7, type: 2}
  m_IsPrefabParent: 0
--- !u!1001 &1841639065
Prefab:
  m_ObjectHideFlags: 0
  serializedVersion: 2
  m_Modification:
    m_TransformParent: {fileID: 1846095691}
    m_Modifications:
    - target: {fileID: 400000, guid: a24d896e51b9dcf4a837b95fe02cadda, type: 3}
      propertyPath: m_LocalPosition.x
      value: 1.9921347
      objectReference: {fileID: 0}
    - target: {fileID: 400000, guid: a24d896e51b9dcf4a837b95fe02cadda, type: 3}
      propertyPath: m_LocalPosition.y
      value: 0.33791465
      objectReference: {fileID: 0}
    - target: {fileID: 400000, guid: a24d896e51b9dcf4a837b95fe02cadda, type: 3}
      propertyPath: m_LocalPosition.z
      value: 1.3970671
      objectReference: {fileID: 0}
    - target: {fileID: 400000, guid: a24d896e51b9dcf4a837b95fe02cadda, type: 3}
      propertyPath: m_LocalRotation.x
      value: -0.7071068
      objectReference: {fileID: 0}
    - target: {fileID: 400000, guid: a24d896e51b9dcf4a837b95fe02cadda, type: 3}
      propertyPath: m_LocalRotation.y
      value: -0.000000061817246
      objectReference: {fileID: 0}
    - target: {fileID: 400000, guid: a24d896e51b9dcf4a837b95fe02cadda, type: 3}
      propertyPath: m_LocalRotation.z
      value: -0.000000061817246
      objectReference: {fileID: 0}
    - target: {fileID: 400000, guid: a24d896e51b9dcf4a837b95fe02cadda, type: 3}
      propertyPath: m_LocalRotation.w
      value: 0.7071068
      objectReference: {fileID: 0}
    - target: {fileID: 400000, guid: a24d896e51b9dcf4a837b95fe02cadda, type: 3}
      propertyPath: m_RootOrder
      value: 6
      objectReference: {fileID: 0}
    m_RemovedComponents: []
  m_ParentPrefab: {fileID: 100100000, guid: a24d896e51b9dcf4a837b95fe02cadda, type: 3}
  m_IsPrefabParent: 0
--- !u!4 &1841639066 stripped
Transform:
  m_PrefabParentObject: {fileID: 400000, guid: a24d896e51b9dcf4a837b95fe02cadda, type: 3}
  m_PrefabInternal: {fileID: 1841639065}
--- !u!1 &1846095690
GameObject:
  m_ObjectHideFlags: 0
  m_PrefabParentObject: {fileID: 0}
  m_PrefabInternal: {fileID: 0}
  serializedVersion: 5
  m_Component:
  - component: {fileID: 1846095691}
  m_Layer: 0
  m_Name: PROPS
  m_TagString: Untagged
  m_Icon: {fileID: 0}
  m_NavMeshLayer: 0
  m_StaticEditorFlags: 0
  m_IsActive: 1
--- !u!4 &1846095691
Transform:
  m_ObjectHideFlags: 0
  m_PrefabParentObject: {fileID: 0}
  m_PrefabInternal: {fileID: 0}
  m_GameObject: {fileID: 1846095690}
  m_LocalRotation: {x: 0, y: 0, z: 0, w: 1}
  m_LocalPosition: {x: -0.27263916, y: 0, z: 0.4725409}
  m_LocalScale: {x: 1, y: 1, z: 1}
  m_Children:
  - {fileID: 951161495}
  - {fileID: 562006278}
  - {fileID: 20848543}
  - {fileID: 1162559561}
  - {fileID: 390068714}
  - {fileID: 1562361820}
  - {fileID: 1841639066}
  - {fileID: 806114636}
  - {fileID: 1381177143}
  - {fileID: 1616512541}
  - {fileID: 819833131}
  - {fileID: 2106844611}
  - {fileID: 847585601}
  - {fileID: 1520973981}
  - {fileID: 952338538}
  - {fileID: 1443150076}
  m_Father: {fileID: 0}
  m_RootOrder: 2
  m_LocalEulerAnglesHint: {x: 0, y: 0, z: 0}
--- !u!1001 &1923331475
Prefab:
  m_ObjectHideFlags: 0
  serializedVersion: 2
  m_Modification:
    m_TransformParent: {fileID: 1846095691}
    m_Modifications:
    - target: {fileID: 400002, guid: 4e829945087185a48b5198a711bb441a, type: 3}
      propertyPath: m_LocalPosition.x
      value: -1.914
      objectReference: {fileID: 0}
    - target: {fileID: 400002, guid: 4e829945087185a48b5198a711bb441a, type: 3}
      propertyPath: m_LocalPosition.y
      value: 0.661514
      objectReference: {fileID: 0}
    - target: {fileID: 400002, guid: 4e829945087185a48b5198a711bb441a, type: 3}
      propertyPath: m_LocalPosition.z
      value: 1.054
      objectReference: {fileID: 0}
    - target: {fileID: 400002, guid: 4e829945087185a48b5198a711bb441a, type: 3}
      propertyPath: m_LocalRotation.x
      value: -0.7071068
      objectReference: {fileID: 0}
    - target: {fileID: 400002, guid: 4e829945087185a48b5198a711bb441a, type: 3}
      propertyPath: m_LocalRotation.y
      value: 0
      objectReference: {fileID: 0}
    - target: {fileID: 400002, guid: 4e829945087185a48b5198a711bb441a, type: 3}
      propertyPath: m_LocalRotation.z
      value: -0
      objectReference: {fileID: 0}
    - target: {fileID: 400002, guid: 4e829945087185a48b5198a711bb441a, type: 3}
      propertyPath: m_LocalRotation.w
      value: 0.7071068
      objectReference: {fileID: 0}
    - target: {fileID: 400002, guid: 4e829945087185a48b5198a711bb441a, type: 3}
      propertyPath: m_RootOrder
      value: 13
      objectReference: {fileID: 0}
    m_RemovedComponents: []
  m_ParentPrefab: {fileID: 100100000, guid: 4e829945087185a48b5198a711bb441a, type: 3}
  m_IsPrefabParent: 0
--- !u!1 &1943903571
GameObject:
  m_ObjectHideFlags: 0
  m_PrefabParentObject: {fileID: 0}
  m_PrefabInternal: {fileID: 0}
  serializedVersion: 5
  m_Component:
  - component: {fileID: 1943903575}
  - component: {fileID: 1943903574}
  - component: {fileID: 1943903573}
  - component: {fileID: 1943903572}
  m_Layer: 0
  m_Name: WALL (7)
  m_TagString: Untagged
  m_Icon: {fileID: 0}
  m_NavMeshLayer: 0
  m_StaticEditorFlags: 0
  m_IsActive: 1
--- !u!137 &1943903572
SkinnedMeshRenderer:
  m_ObjectHideFlags: 0
  m_PrefabParentObject: {fileID: 0}
  m_PrefabInternal: {fileID: 0}
  m_GameObject: {fileID: 1943903571}
  m_Enabled: 1
  m_CastShadows: 1
  m_ReceiveShadows: 1
  m_DynamicOccludee: 1
  m_MotionVectors: 1
  m_LightProbeUsage: 1
  m_ReflectionProbeUsage: 1
  m_RenderingLayerMask: 4294967295
  m_Materials:
  - {fileID: 2100000, guid: 1236e49e2d22edf4b8c272f346fe40c7, type: 3}
  m_StaticBatchInfo:
    firstSubMesh: 0
    subMeshCount: 0
  m_StaticBatchRoot: {fileID: 0}
  m_ProbeAnchor: {fileID: 0}
  m_LightProbeVolumeOverride: {fileID: 0}
  m_ScaleInLightmap: 1
  m_PreserveUVs: 0
  m_IgnoreNormalsForChartDetection: 0
  m_ImportantGI: 0
  m_StitchLightmapSeams: 0
  m_SelectedEditorRenderState: 3
  m_MinimumChartSize: 4
  m_AutoUVMaxDistance: 0.5
  m_AutoUVMaxAngle: 89
  m_LightmapParameters: {fileID: 0}
  m_SortingLayerID: 0
  m_SortingLayer: 0
  m_SortingOrder: 0
  serializedVersion: 2
  m_Quality: 0
  m_UpdateWhenOffscreen: 0
  m_SkinnedMotionVectors: 1
  m_Mesh: {fileID: 10209, guid: 0000000000000000e000000000000000, type: 0}
  m_Bones: []
  m_BlendShapeWeights: []
  m_RootBone: {fileID: 0}
  m_AABB:
    m_Center: {x: 0.00000023841858, y: 0, z: 0}
    m_Extent: {x: 5.000003, y: 0.0000017881398, z: 5}
  m_DirtyAABB: 0
--- !u!64 &1943903573
MeshCollider:
  m_ObjectHideFlags: 0
  m_PrefabParentObject: {fileID: 0}
  m_PrefabInternal: {fileID: 0}
  m_GameObject: {fileID: 1943903571}
  m_Material: {fileID: 0}
  m_IsTrigger: 0
  m_Enabled: 1
  serializedVersion: 3
  m_Convex: 0
  m_CookingOptions: 14
  m_SkinWidth: 0.01
  m_Mesh: {fileID: 10209, guid: 0000000000000000e000000000000000, type: 0}
--- !u!33 &1943903574
MeshFilter:
  m_ObjectHideFlags: 0
  m_PrefabParentObject: {fileID: 0}
  m_PrefabInternal: {fileID: 0}
  m_GameObject: {fileID: 1943903571}
  m_Mesh: {fileID: 10209, guid: 0000000000000000e000000000000000, type: 0}
--- !u!4 &1943903575
Transform:
  m_ObjectHideFlags: 0
  m_PrefabParentObject: {fileID: 0}
  m_PrefabInternal: {fileID: 0}
  m_GameObject: {fileID: 1943903571}
  m_LocalRotation: {x: -0.7071068, y: -0.70710677, z: 0, w: 0}
  m_LocalPosition: {x: -0.611, y: 1.26, z: -1.205}
  m_LocalScale: {x: 0.4, y: 0.4, z: 0.4}
  m_Children: []
  m_Father: {fileID: 0}
  m_RootOrder: 12
  m_LocalEulerAnglesHint: {x: 0, y: -180, z: 90.00001}
--- !u!1001 &2062039525
Prefab:
  m_ObjectHideFlags: 0
  serializedVersion: 2
  m_Modification:
    m_TransformParent: {fileID: 1767578671}
    m_Modifications:
    - target: {fileID: 400000, guid: 8ca469b53cf7da94186f92cf7d1d1dcb, type: 3}
      propertyPath: m_LocalPosition.x
      value: 4.366983
      objectReference: {fileID: 0}
    - target: {fileID: 400000, guid: 8ca469b53cf7da94186f92cf7d1d1dcb, type: 3}
      propertyPath: m_LocalPosition.y
      value: 0
      objectReference: {fileID: 0}
    - target: {fileID: 400000, guid: 8ca469b53cf7da94186f92cf7d1d1dcb, type: 3}
      propertyPath: m_LocalPosition.z
      value: -3.7088864
      objectReference: {fileID: 0}
    - target: {fileID: 400000, guid: 8ca469b53cf7da94186f92cf7d1d1dcb, type: 3}
      propertyPath: m_LocalRotation.x
      value: -0.7071068
      objectReference: {fileID: 0}
    - target: {fileID: 400000, guid: 8ca469b53cf7da94186f92cf7d1d1dcb, type: 3}
      propertyPath: m_LocalRotation.y
      value: 0
      objectReference: {fileID: 0}
    - target: {fileID: 400000, guid: 8ca469b53cf7da94186f92cf7d1d1dcb, type: 3}
      propertyPath: m_LocalRotation.z
      value: -0
      objectReference: {fileID: 0}
    - target: {fileID: 400000, guid: 8ca469b53cf7da94186f92cf7d1d1dcb, type: 3}
      propertyPath: m_LocalRotation.w
      value: 0.7071068
      objectReference: {fileID: 0}
    - target: {fileID: 400000, guid: 8ca469b53cf7da94186f92cf7d1d1dcb, type: 3}
      propertyPath: m_RootOrder
      value: 3
      objectReference: {fileID: 0}
    - target: {fileID: 100000, guid: 8ca469b53cf7da94186f92cf7d1d1dcb, type: 3}
      propertyPath: m_IsActive
      value: 1
      objectReference: {fileID: 0}
    m_RemovedComponents: []
  m_ParentPrefab: {fileID: 100100000, guid: 8ca469b53cf7da94186f92cf7d1d1dcb, type: 3}
  m_IsPrefabParent: 0
--- !u!4 &2062039526 stripped
Transform:
  m_PrefabParentObject: {fileID: 400000, guid: 8ca469b53cf7da94186f92cf7d1d1dcb, type: 3}
  m_PrefabInternal: {fileID: 2062039525}
--- !u!1001 &2106844610
Prefab:
  m_ObjectHideFlags: 0
  serializedVersion: 2
  m_Modification:
    m_TransformParent: {fileID: 1846095691}
    m_Modifications:
    - target: {fileID: 400000, guid: e4c6fdccb2704e14c918723fc784faa1, type: 3}
      propertyPath: m_LocalPosition.x
      value: 3.22
      objectReference: {fileID: 0}
    - target: {fileID: 400000, guid: e4c6fdccb2704e14c918723fc784faa1, type: 3}
      propertyPath: m_LocalPosition.y
      value: 0.004
      objectReference: {fileID: 0}
    - target: {fileID: 400000, guid: e4c6fdccb2704e14c918723fc784faa1, type: 3}
      propertyPath: m_LocalPosition.z
      value: 0.015
      objectReference: {fileID: 0}
    - target: {fileID: 400000, guid: e4c6fdccb2704e14c918723fc784faa1, type: 3}
      propertyPath: m_LocalRotation.x
      value: -0.7071068
      objectReference: {fileID: 0}
    - target: {fileID: 400000, guid: e4c6fdccb2704e14c918723fc784faa1, type: 3}
      propertyPath: m_LocalRotation.y
      value: -0
      objectReference: {fileID: 0}
    - target: {fileID: 400000, guid: e4c6fdccb2704e14c918723fc784faa1, type: 3}
      propertyPath: m_LocalRotation.z
      value: -0
      objectReference: {fileID: 0}
    - target: {fileID: 400000, guid: e4c6fdccb2704e14c918723fc784faa1, type: 3}
      propertyPath: m_LocalRotation.w
      value: 0.7071068
      objectReference: {fileID: 0}
    - target: {fileID: 400000, guid: e4c6fdccb2704e14c918723fc784faa1, type: 3}
      propertyPath: m_RootOrder
      value: 11
      objectReference: {fileID: 0}
    - target: {fileID: 400000, guid: e4c6fdccb2704e14c918723fc784faa1, type: 3}
      propertyPath: m_LocalScale.y
      value: 0.42004022
      objectReference: {fileID: 0}
    - target: {fileID: 400000, guid: e4c6fdccb2704e14c918723fc784faa1, type: 3}
      propertyPath: m_LocalScale.z
      value: 0.42004022
      objectReference: {fileID: 0}
    - target: {fileID: 100000, guid: e4c6fdccb2704e14c918723fc784faa1, type: 3}
      propertyPath: m_Name
      value: TRONC_1 (2)
      objectReference: {fileID: 0}
    - target: {fileID: 400000, guid: e4c6fdccb2704e14c918723fc784faa1, type: 3}
      propertyPath: m_LocalScale.x
      value: 0.42004
      objectReference: {fileID: 0}
    m_RemovedComponents: []
  m_ParentPrefab: {fileID: 100100000, guid: e4c6fdccb2704e14c918723fc784faa1, type: 3}
  m_IsPrefabParent: 0
--- !u!4 &2106844611 stripped
Transform:
  m_PrefabParentObject: {fileID: 400000, guid: e4c6fdccb2704e14c918723fc784faa1, type: 3}
  m_PrefabInternal: {fileID: 2106844610}
--- !u!1 &2120052345
GameObject:
  m_ObjectHideFlags: 0
  m_PrefabParentObject: {fileID: 0}
  m_PrefabInternal: {fileID: 0}
  serializedVersion: 5
  m_Component:
  - component: {fileID: 2120052349}
  - component: {fileID: 2120052348}
  - component: {fileID: 2120052347}
  - component: {fileID: 2120052346}
  - component: {fileID: 2120052350}
  m_Layer: 0
  m_Name: Main Camera
  m_TagString: MainCamera
  m_Icon: {fileID: 0}
  m_NavMeshLayer: 0
  m_StaticEditorFlags: 0
  m_IsActive: 1
--- !u!81 &2120052346
AudioListener:
  m_ObjectHideFlags: 0
  m_PrefabParentObject: {fileID: 0}
  m_PrefabInternal: {fileID: 0}
  m_GameObject: {fileID: 2120052345}
  m_Enabled: 1
--- !u!124 &2120052347
Behaviour:
  m_ObjectHideFlags: 0
  m_PrefabParentObject: {fileID: 0}
  m_PrefabInternal: {fileID: 0}
  m_GameObject: {fileID: 2120052345}
  m_Enabled: 1
--- !u!20 &2120052348
Camera:
  m_ObjectHideFlags: 0
  m_PrefabParentObject: {fileID: 0}
  m_PrefabInternal: {fileID: 0}
  m_GameObject: {fileID: 2120052345}
  m_Enabled: 1
  serializedVersion: 2
  m_ClearFlags: 1
  m_BackGroundColor: {r: 0.19215687, g: 0.3019608, b: 0.4745098, a: 0}
  m_NormalizedViewPortRect:
    serializedVersion: 2
    x: 0
    y: 0
    width: 1
    height: 1
  near clip plane: 0.3
  far clip plane: 1000
  field of view: 45
  orthographic: 0
  orthographic size: 5
  m_Depth: -1
  m_CullingMask:
    serializedVersion: 2
    m_Bits: 4294967295
  m_RenderingPath: 3
  m_TargetTexture: {fileID: 0}
  m_TargetDisplay: 0
  m_TargetEye: 3
  m_HDR: 1
  m_AllowMSAA: 0
  m_AllowDynamicResolution: 0
  m_ForceIntoRT: 0
  m_OcclusionCulling: 1
  m_StereoConvergence: 10
  m_StereoSeparation: 0.022
--- !u!4 &2120052349
Transform:
  m_ObjectHideFlags: 0
  m_PrefabParentObject: {fileID: 0}
  m_PrefabInternal: {fileID: 0}
  m_GameObject: {fileID: 2120052345}
  m_LocalRotation: {x: 0.07769396, y: 0.9218867, z: -0.25354084, w: 0.28249902}
  m_LocalPosition: {x: -0.144, y: 2.602, z: 3.117}
  m_LocalScale: {x: 1, y: 1, z: 1}
  m_Children: []
  m_Father: {fileID: 0}
  m_RootOrder: 0
  m_LocalEulerAnglesHint: {x: 30.755001, y: 145.92601, z: 0}
--- !u!114 &2120052350
MonoBehaviour:
  m_ObjectHideFlags: 0
  m_PrefabParentObject: {fileID: 0}
  m_PrefabInternal: {fileID: 0}
  m_GameObject: {fileID: 2120052345}
  m_Enabled: 0
  m_EditorHideFlags: 0
  m_Script: {fileID: 11500000, guid: ff26db721962cdf4a8edcdfa9a767d2a, type: 3}
  m_Name: 
  m_EditorClassIdentifier: 
  profile: {fileID: 11400000, guid: 67197809eee39774ca83185990221475, type: 2}
